@online{Jones2003,
    author = {Doug Jones},
    title = {A Brief Illustrated History of Voting},
    url = {https://homepage.cs.uiowa.edu/~jones/voting/pictures/}
}

@techreport{Economist2021,
	author = {The Economist Intelligence Unit},
	title = {Democracy Index 2020, In Sickness and in Health?},
	type = {Annual report},
	institution = {The Economist},
	year = {2021},
	pagetotal = {75}
}

@article{Nakamoto2008,
    author = {Satoshi Nakamoto},
    title = {Bitcoin: A Peer-to-Peer Electronic Cash System},
    journal = {www.bitcoin.org},
    year = {2008},
    pages = {1-9}
}

@article{Diffie1976,
	author = {Whitfield Diffie and Martin E. Hellman},
	title = {New Directions in Cryptography},
	journal =  {IEEE Transactions on Information Theory},
	year = {1976},
	month = {11},
	volume = {22},
	issue = {6},
	pages = {644-654},
	isbn = {9781000239157}	
}

@article{Shamir1979,
	author = {Adi Shamir},
	title = {How to Share a Secret},
	journal =  {Communications of the ACM},
	year = {1979},
	volume = {22},
	issue = {11},
	pages = {612-613}
}

@article{Benaloh1986b,
	author = {Josh Benaloh},
	title = {Secret Sharing Homomorphisms: Keeping Shares of a Secret Secret},
	journal = {Advances in Cryptology - CRYPTO '86},
	year = {1986},
	pages = {251-260}
}

@mastersthesis{Rjaskova2002,
	author = {Zuzana Rja{\v s}kov{\' a}},
	title = {Electronic Voting Schemes},
	school = {Department of Computer Science, Faculty of Mathematics, Physics and Informatics, Comenius University},
	year = {2002},
	location = {Bratislava, Slovakia},
	doi = {10.1360/jos161805},
	issn = {10009825}
}

@phdthesis{Benaloh1987,
	author = {Josh Benaloh},
	title = {Verifiable Secret-Ballot Elections},
	school = {Yale University},
	year = {1987}
}

@article{Tranfield2003,
    author = {David Tranfield and David Denyer and Paminder Smart},
    title = {Towards a Methodology for Developing Evidence-Informed Management Knowledge by Means of Systematic Review},
    journal = {British Journal of Management},
    year = {2003},
    volume = {14},
    pages = {207-222}
}

@inproceedings{Petersen2008,
    author = {Kai Petersen and Robert Feldt and Shahid Mujtaba and Michael Mattsson},
    title = {Systematic Mapping Studies in Software Engineering},
    booktitle = {Proceedings of the 12th International Conference on Evaluation and Assessment in Software Engineering},
    year = {2008},
    volume = {17},
    issue = {1},
    pages = {33-55},
    doi = {10.1142/S0218194007003112},
    isbn = {0-7695-2555-5},
    issn = {02181940}
}

@article{Kitechenham2009,
    author = {Barbara Kitchenham and O. Pearl Brereton and David Budgen and Mark Turner and John Bailey and Stephen Linkman},
    title = {Systematic literature reviews in software engineering - A systematic literature review},
    journal = {Information and Software Technology},
    year = {2009},
    volume = {51},
    issue = {1},
    pages = {7-15},
    doi = {10.1016/j.infsof.2008.09.009},
    issn = {09505849}
}

@article{Chaum1982,
	author = {David Chaum},
	title = {Blind Signatures for Untraceable Payments},
	journal = {Advances in Cryptology},
	year = {1983},
	pages = {199-205},
	doi = {10.1016/j.ins.2004.10.010},
	issn = {00200255}
}

@mastersthesis{Herschberg1997,
	author = {Mark Herschenberg},
	title = {Secure Electronic Voting Over the World Wide Web},
	school = {Massachusetts Institute of Technology},
	year = {1997},
	pagetotal = {88}
}

@article{Cramer1997,
	author = {Ronald Cramer and Rosario Gennaro and Berry Shoenmakers},
	title = {A Secure and Optimally Efficient Multi-Authority Election Scheme},
	journal = {Advances in Cryptology - EUROCRYPT '97},
	year = {1997},
	volume = {8},
	issue = {5},
	pages = {103-118}
}

@article{Schneider2004,
	author = {Bruce Schneider},
	title = {Voting Security and Technology},
	journal =  {IEEE Security and Privacy},
	year = {2004},
	volume = {2},
	issue = {1},
	pages = {84-84},
	doi = {10.1109/MSECP.2004.1264863},
	issn = {15407993}
}

@online{Shamos1993,
	author = {Michael Ian Shamos},
	title = {Electronic Voting - Evaluating the Threat},
	year = {1993},
	url = {http://wheresthepaper.org/Shamos1993ElectronicVotingEvaluatingTheThreat.htm},
	urldate = {2019-10-25}
}

@inproceedings{Lee2000,
	author = {Byoungcheon Lee and Kwangjo Kim},
	title = {Receipt-free Electronic Voting through the Collaboration of Voter and Honest Verifier},
	booktitle = {Proceedings of JW-ISC 2000},
	year = {2000},
	pages = {1-8},
	location = {Okinawa, Japan}
}

@inproceedings{Neumann1993,
    author = {Peter G. Neumann},
    title = {Security Criteria for Electronic Voting},
    booktitle = {Proceedings of the 16th National Computer Security Conference},
    year = {1993},
    pages = {1-7},
    location = {Baltimore, USA}
}

@article{Hirt2000,
	author = {Martin Hirt and Kazue Sako},
	title = {Efficient Receipt-Free Voting Based on Homomorphic Encryption},
	journal =  {Lecture Notes in Computer Science - EUROCRYPT 2000},
	year = {2000},
	pages = {539-556}
}

@inproceedings{Benaloh1994,
	author = {Josh Benaloh and Dwight Tuinstra},
	title = {Receipt-Free Secret-Ballot Elections},
	booktitle = {26th Annual ACM Symposium on Theory of Computing},
	year = {1994},
	pages = {544-553},
	location = {Montreal, Canada}
}

@article{Sako1994,
	author = {Kazue Sako and Joe Kilian},
	title = {Secure Voting Using Partially Compatible Homomorphisms},
	journal =  {Advances in Cryptology - CRYPTO '94},
	year = {1994},
	pages = {411-424},
	doi = {10.1007/3-540-48658-5_37}
}

@inproceedings{Schweisgut2006,
    author = {J\"{o}rn Schweisgut},
    title = {Coersion-Resistant Electronic Elections with Observer},
    booktitle = {Electronic Voting 2006},
    year = {2006},
    pages = {171-177}
}

@inproceedings{Radwin1995,
	author = {Michael J. Radwin},
	title = {An untraceable, universally verifiable voting scheme},
	booktitle = {Seminar in Cryptology},
	year = {1995},
	pages = {1-9}
}

@mastersthesis{Faria2012,
	author = {Pedro Vasconcelos Castro Lopes Faria},
	title = {Remote Electronic Voting: Studying and Improving Helios},
	school = {University of Minho, Portugal},
	year = {2012}
}

@article{Adida2008,
	author = {Ben Adida},
	title = {Helios: Web-based Open-Audit Voting},
	journal =  {USENIX Security Symposium},
	year = {2008},
	volumne = {17},
	pages = {335-348}
}

@inproceedings{Araujo2010,
	author = {Roberto Ara{\' u}jo and Narjes Ben Rajeb and Riadh Robbana and Jacques Traor{\' e} and Souheib Yousfi},
	title = {Towards Practical and Secure Coercion-Resistant Electronic Elections},
	booktitle = {Proceedings of the 9th International Conference on Cryptography and Network Security},
	year = {2010},
	issue = {LNCS 6467},
	pages = {278-297},
	doi = {10.1007/978-3-642-17619-7_20}
}

@inproceedings{Baraani1995,
	author = {Ahmad Baraani-Dastjerdi and Josef Pieprzyk and Reihaneh Safavi-Naini},
	title = {A Practical Electronic Voting Protocol Using Threshold Schemes},
	booktitle = {Proceedings of the 11th Annual Computer Security Applications Conference},
	year = {1995},
	publisher = {IEEE Computer Security Press},
	location = {New Orleans, Lousiana, USA}
}

@inproceedings{Benaloh1986a,
	author = {Josh Benaloh and Moti Young},
	title = {Distributing the Power of a Government to Enhance the Privacy of Voters},
	booktitle = {Proceedings of the 5th ACM Symposium on the Principles of Distributed Computing},
	year = {1986},
	pages = {52-62},
	doi = {10.1145/10590.10595}
}

@inproceedings{Boyd1990,
	author = {Colin Boyd},
	title = {A New Multiple key Cipher and an Improved Voting Scheme},
	booktitle = {EUROCRYPT '89 Proceedings - Advances in Cryptology},
	publisher = {Springer-Verlag},
	year = {1990},
	pages = {617-625}
}

@article{ElGamal1984,
    author = {Taher ElGamal},
    title = {A Public Key Cryptosystem and Signature Scheme based on Discrete Logarithms},
    journal = {Advances in Cryptology - CRYPTO'84, LNCS},
    volume = {196},
    pages = {10-18},
    year = {1985}
}

@article{Chaum2007,
	author = {David Chaum and Jeroen Van De Graaf and Peter Y. A. Ryan and Poorvi L. Vora},
	title = {Secret Ballot Elections with Unconditional Integrity},
	journal =  {Cryptology ePrint Archive},
	year = {2007},
	issue = {270},
	pages = {1-33},
	issn = {00029114}
}

@inproceedings{Cohen1985,
	author = {Josh D. Cohen and Michael J. Fischer},
	title = {A Robust and Verifiable Cryptographically Secure Election Scheme},
	booktitle = {26th Symposium on Foundations of Computer Science},
	year = {1985},
	month = {07},
	pages = {1-12}	
}

@inproceedings{Cramer1996,
	author = {Ronald Cramer and Matthew Franklin and Berry Schoenmakers and Moti Yung},
	title = {Multi-Authority Secret-Ballot Elections with Linear Work},
	booktitle = {EUROCRYPT '96 Conference Proceedings},
	year = {1996},
	volume = {1070},
	pages = {72-83},
	doi = {10.1007/3-540-68339-9_7},
	isbn = {354061186X},
	issn = {16113349}
}

@article{Cranor2002,
	author = {Lorrie Faith Cranor and Ron K. Cytron},
	title = {Sensus: A Security-Conscious Electronic Polling System for the Internet},
	journal =  {Proceedings of the Thirtieth Hawaii International Conference on System Sciences},
	year = {1997},
	pages = {561-570},
	doi = {10.1109/hicss.1997.661700},
	isbn = {0-8186-7743-0}
}

@inproceedings{Fujioka1992,
	author = {Atsushi Fujioka and Tatsuaki Okamoto and Kazuo Ohta},
	editor = {Jeniffer Seberry and Yuliang Zheng},
	title = {A Practical Secret Voting Scheme for Large Scale Elections},
	booktitle = {Workshop on the Theory and Application of Cryptographic Techniques},
	year = {1992},
	pages = {244-251},
	publisher = {Springer-Verlag},
	location = {Gold Coast, Queensland, Australia}
}

@inproceedings{Ibrahim2003,
	author = {Subariah Ibrahim and Maznah Kamat and Mazleena Salleh and Shah Rizan Abdul Aziz},
	title = {Secure E-Voting With Blind Signature},
	booktitle = {NCTT 2003 Proceedings - 4th National Conference on Telecommunication Technology},
	year = {2003},
	pages = {194-197},
	doi = {10.1109/NCTT.2003.1188334},
	isbn = {0780377737}
}

@article{Iversen1992,
	author = {Kenneth R. Iversen},
	title = {A Cryptographic Scheme for Computerized General Elections},
	journal =  {Advances in Cryptology},
	year = {1992},
	issue = {LNCS 576},
	pages = {405-419}
}

@article{Joaquim2003,
	author = {Rui Joaquim and Andr\'{e} Z\'{u}quete and Paulo Ferreira},
	title = {REVS - A Rocust Electronic Voting System},
	journal =  {IADIS International Journal of www/Internet},
	year = {2003},
	volume = {1},
	issue = {i},
	pages = {47-63}
}

@article{Juang1997,
	author = {Wen-Shenq Juang and Chin-Laung Lei},
	title = {A Secure and Practical Electronic Voting Scheme for Real World Environments},
	journal =  {IEICE Transactions Fundamentals},
	year = {1997}
}

@article{Juang2002,
	author = {Wen-Shenq Juang and Chin-Laung Lei and Horng-Twu Liaw},
	title = {A Verifiable Multi-Authority Secret Election Allowing Abstention from Voting},
	journal =  {The Computer Journal},
	year = {2002},
	volume = {45},
	issue = {6},
	pages = {672-682},
	doi = {10.1093/comjnl/45.6.672},
	issn = {00104620}
}

@article{Ku1999,
	author = {Wei-Chi Ku and Sheng-De Wang},
	title = {A secure and practical electric voting scheme},
	journal = {Computer Communications},
	year = {1999},
	volume = {22},
	issue = {3},
	pages = {279-286},
	doi = {10.1016/S0140-3664(98)00241-2}, 
	isbn = {8862236352},
	issn = {01403664}
}

@article{Locher2016,
	author = {Phillipp Locher and Rolf Haenni},
	title = {Receipt-free remote electronic elections with everlasting privacy},
	journal =  {Annals of Telecommunications},
	year = {2016},
	volume = {71},
	issue = {7-8},
	pages = {323-336},
	doi = {10.1007/s12243-016-0519-6},
	issn = {19589395}
}

@article{Magkos2001,
	author = {Emmanouil Magkos and Mike Burmester and Vassilis Chrissikopoulos},
	title = {Receipt-freeness in Large-Scale Elections without Untappable Channels},
	journal =  {IFIP Advances in Information and Communication Technology},
	year = {2001},
	volume = {74},
	pages = {683-694},
	doi = {10.1007/0-306-47009-8_50},
	isbn = {0792375297},
	issn = {18684238}
}

@article{Moran2006,
	author = {Tal Moran and Moni Naor},
	title = {Receipt-free Universally-Verifiable Voting with Everlasting Privacy},
	journal =  {Lecture Notes in Computer Science},
	year = {2006},
	volume = {4117 LNCS},
	pages = {373-392},
	issn = {16113349},
	doi = {10.1007/11818175_22},
}

@article{Niemi1995,
	author = {Valtteri Niemi and Ari Renvall},
	title = {How to Prevent Buying of Votes in Computer Elections},
	journal =  {Advances in Cryptology - ASIACRYPT '94},
	year = {1995},
	volume = {917},
	pages = {164-170},
	doi = {10.1007/BFb0000419},
	isbn = {9783540593393},
	issn = {16113349}
}

@article{Niemi1999,
	author = {Valtteri Niemi and Ari Renvall},
	title = {Efficient voting with no selling of votes},
	journal =  {Theoretical omputer Science},
	year = {1999},
	volume = {226},
	issue = {1},
	pages = {105-116},
	doi = {10.1016/S0304-3975(99)00068-7},
	issn = {03043975}
}

@article{Nurmi1991,
	author = {Hannu Nurmi and Arto Salomaa and Lila Santean},
	title = {Secret Ballot Elections in Computer Networks},
	journal =  {Computer and Secutity},
	year = {1991},
	volume = {10},
	issue = {6},
	pages = {553-560}
}

@article{Okamoto1996,
	author = {Tatsuaki Okamoto},
	title = {An electronic voting scheme},
	journal =  {Advanced IT Tools},
	year = {1996},
	pages = {21-30}
}

@article{Okamoto1998,
	author = {Tatsuaki Okamoto},
	title = {Receipt-Free Electronic Voting Schemes for Large Scale Elections},
	journal = {Lecture Notes in Computer Science},
	year = {1998},
	volume = {1361},
	pages = {25-35},
	isbn = {3540640401},
	issn = {16113349}
}

@article{Park1994,
	author = {Choonsik Park and Kazutomo Itoh and Kaoru Kurosawa},
	title = {Efficient Anonymous Channel and All/Nothing Election Scheme},
	journal =  {Lecture Notes in Computer Science},
	year = {1994},
	volume = {765 LNCS},
	pages = {248-259},
	isbn = {9783540576006},
	issn = {16113349}
}

@article{Sako1998,
	author = {Kazue Sako and Joe Kilian},
	title = {Receipt-Free Mix-Type Voting Scheme - A practical solution to the implementation of a voting booth},
	journal =  {Advances in Cryptology - EUROCRYPT '95},
	year = {1998}
}

@book{Schneider1994,
	author = {Bruce Schneider},
	title = {Applied Cryptography},
	year = {1994},
	edition = {2nd},
	publisher = {John Wiley \& Sons},
	location = {New York},
	isbn = {978-1-119-09672-6},
}

@article{Juels2010,
	author = {Ari Juels and Dario Catalano and Markus Jackobsson},
	title = {Coercion-Resistant Electronic Elections},
	journal = {Lecture Notes in Computer Science},
	year = {2010},
	volume = {6000 LNCS},
	pages = {37-63},
	doi = {10.1007/978-3-642-12980-3_2},
	isbn = {364212979X},
	issn = {03029743}
}

@article{Binder2019,
    author = {Nadja Braun Binder and Robert Krimmer and Gregor Wenda and Dirk-Hinnerk Fischer},
    title = {International Standards and ICT Projects in Public Administration: Introducing Electronic Voting in Norway, Estonia and Switzerland Compared},
    journal = {The Estonian Journal of Administrative Culture and Digital Governance},
    year = {2019},
    volume = {19},
    issue = {2},
    pages = {8-22}
}

@article{Gjosteen2016,
    author = {Kristian Gj{\o}steen and Smedstuen Lund},
    title = {An experiment on the security of the Norwegian electronic voting protocol},
    journal = {Annals of Telecommunications},
    year = {2016},
    volume = {71},
    issue = {7-8},
    pages = {299-307},
    doi = {10.1007/s12243-016-0509-8},
    issn = {19589395}
}

@article{Pinault2012,
    author = {Tiphaine Pinault and Pascal Courtade},
    title = {E-voting at Expatriates' MPs elections in France},
    journal = {Electronic Voting},
    year = {2012},
    month = {02},
    pages = {289-195},
    isbn = {3885792990}
}

@inbook{Goodman2014,
    author = {Nicole J. Goodman},
    title = {Internet Voting in a Local Election in Canada},
    booktitle = {The Internet and Democracy in Global Perspective: Studies in Public Choice},
    year = {2014},
    volume = {31},
    pages = {7-24},
    publisher = {Springer, Cham},
    doi = {10.1007/978-3-319-04352-4},
    isbn = {978-3-319-04351-7}
}

@inproceedings{Madise2006,
    author = {\"{U}lle Madise and Tarvi Martens},
    title = {E-voting in Estonia 2005: The first practice of country-wide binding Internet voting in the world},
    booktitle = {Proceedings of the 2nd International Workshop on Electronic Voting},
    year = {2006},
    pages = {15-26},
    editor = {Robert Krimmer},
    location = {Bregenz, Austria}
}

@inproceedings{Braun2006,
    author = {Nadja Braun and Daniel Br\"{a}ndli},
    title = {Swiss E-Voting Pilot Projects: Evaluation, Situation Analysis and How to Proceed},
    booktitle = {Proceedings of the 2nd International Workshop on Electronic Voting},
    year = {2006},
    pages = {27-36},
    editor = {Robert Krimmer},
    location = {Bregenz, Austria}
}

@techreport{Barrat2012,
    author = {Jordi Barrat i Esteve and Ben Goldsmith and John Turner},
    title = {International Experience with E-Voting: Norwegian E-Vote Project},
    institution = {The International Foundation for Electoral Systems},
    year = {2012},
    month = {06},
    address = {Washington, U.S.A}
}

@article{Heiberg2015,
    author = {Sven Heiberg and Arnis Parsovs and Jan Willemson},
    title = {Log Analysis of Estonia Internet Voting 2013-2015},
    journal =  {Lecture Notes in Computer Science},
    year = {2015},
    issue = {9269},
    pages = {19-34},
    doi = {10.1007/978-3-319-22270-7_2},
    isbn = {9783319222691},
    issn = {16113349}
}

@inproceedings{Finkenauer2014,
    author = {Drew Springall and Travis Finkenauer and Zakir Durumeric and Jason Kitcal and Harry Hursti and Margaret MacAlpine and J. Alex Halderman},
    title = {Security Analysis of the Estonian Internet Voting System},
    booktitle = {Proceedings of the 2014 ACM SIGSAC Conference on Computer and Communication Security},
    year = {2014},
    month = {05},
    pages = {703-715},
    doi = {10.1145/2660267.2660315},
    isbn = {9781450329576},
    issn = {15437221}
}

@article{Halderman2015,
    author = {J. Alex Halderman and Vanessa Teague},
    title = {The New South Wales iVote System: Security Failures and Verification Flaws in a Live Online Election},
    journal =  {Lecture Notes in Computer Science},
    year = {2015},
    month = {03},
    issue = {9269},
    pages = {35-53},
    doi = {10.1007/978-3-319-22270-7_3},
    isbn = {9783319222691},
    issn = {16113349}
}

@book{Narayanan2016,
    author = {Arvind Narayanan and Joseph Bonneau and Edward Felten and Andrew Miller and Steven Goldfeder},
    title = {Bitcoin and Cryptocurrency Technologies},
    year = {2016},
    publisher = {Princeton University Press}
}

@book{Dannen2016,
    author = {Chris Dannen},
    title = {Introducing Ethereum and Solidity},
    year = {2016},
    publisher = {Apress}
}

@online{Daria2022,
    author = {Daria R.},
    title = {Top 6 Blockchain Frameworks to Build Your App},
    year = {2020-02-25},
    url = {https://rubygarage.org/blog/best-blockchain-frameworks},
    urldate = {2022-01-16}
}

@inproceedings{Adiputra2019,
    author = {Cosmas Krisna Adiputra and Rikard Hjort and Hiroyuki Sato},
    title = {A Proposal of Blockchain-based Electronic Voting System},
    booktitle = {Proceedings of the 2nd World Conference on Smart Trends in Systems, Security and Sustainability},
    year = {2019},
    pages = {185-192},
    doi = {10.1109/WorldS4.2018.8611593},
    isbn = {9781538672808}
}

@inproceedings{Alam2018,
    author = {Zia Ur Rashid Asraful Alam and Ariful Islam Abdus Salam},
    title = {Towards Blockchain-Based E-Voting System},
    booktitle = {2018 International Conference on Innovations in Science, Engineering and Technology - ICISET 2018},
    year = {2018},
    pages = {351-354},
    doi = {10.1109/ICISET.2018.8745613},
    isbn = {9781538685242}
}

@techreport{Barnes2016,
	author = {Andrew Barnes and Christopher Brake and Thomas Perry},
	title = {Digital Voting with the use of Blockchain Technology},
	institution = {Plymouth University},
	year = {2016},
	pagetotal = {19}
}

@inproceedings{Bartolucci2018,
    author = {Silvia Bartolucci and Pauline Bernat and Daniel Joseph},
    title = {SHARVOT: secret SHARe-based VOTing on the blockchain},
    booktitle = {WETSEB'18: IEEE/ACM 1st International Workshop on Emerging Trends in Software Engineering for Blockchain},
    year = {2018},
    pages = {1-5}
}

@article{BenAyed2017,
    author = {Ahmed Ben Ayed},
    title = {A Conceptual Secure Blockchain-based Electronic Voting System},
    journal = {International Journal of Network Security \& Its Applications (IJNSA)},
    volume = {9},
    issue = {3},
    month = {05},
    year = {2017},
    pages = {1-9},
    doi = {10.5121/ijnsa.2017.9301},
    isbn = {9781787125445},
    issn = {09752307}
}

@inproceedings{Bistarelli2017,
    author = {Stefano Bistarelli and Marco Mantilacci and Paolo Santancini and Francesco Santancini},
    title = {An End-to-end Voting-system Based on Bitcoin},
    booktitle = {Proceedings of the 32nd ACM SIGAPP Symposium on Applied Computing},
    year = {2017},
    pages = {1836-1841},
    doi = {10.1145/3019612.3019841},
    isbn = {9781450344869},
    issn = {1063-0732}
}

@inproceedings{Bosri2019,
    author = {Rabeya Bosri and Abdur Razzak Uzzal and Abdullah Al Omar and A. S. M. Touhidul Hasan and Md. Zakirul Alam Bhuiyan},
    title = {Towards A Privacy-Preserving Voting System Through Blockchain Technologies},
    booktitle = {Proceedings of the IEEE 17th International Conference on Dependable, Autonomic and Secure Computing},
    year = {2019},
    pages = {602-608},
    doi = {10.1109/DASC/PiCom/CBDCom/CyberSciTech.2019.00116},
    isbn = {9781728130248}
}

@article{Burhanuddin2018,
    author = {Nur Sakinah Burhanuddin and Fadhlan Hafizhelmi Kamaru Zaman and Ahmad Ihsan Mohd Yassin and Nooritawati Md Tahir},
    title = {Blockchain in Voting System Application},
    journal = {International Journal of Engineering and Technology},
    year = {2018},
    volume = {7},
    issue = {4},
    pages = {156-162},
    doi = {10.14419/ijet.v7i4.11.20793},
    issn = {2227524X}
}

@inproceedings{Chaieb2018,
    author = {Marwa Chaieb and Souheib Yousfi and Pascal Lafourcade and Riadh Robbana},
    title = {Verify-Your-Vote: A Verifiable Blockchain-based Online Voting Protocol},
    booktitle = {Lecture Notes in Business Information Processing},
    year = {2018},
    pages = {16-30},
    location = {Limassol, Cyprus}
}

@article{Cruz2016,
    author = {Jason Paul Cruz and Yuichi Kaji},
    title = {E-voting System Based on the Bitcoin Protocol and Blind Signatures},
    journal = {IPSJ Transactions on Mathematical Modeling and Its Applications},
    year = {2016},
    issue = {7},
    volume = {2016-MPS-107}
}

@inproceedings{Dagher2018,
    author = {Gaby G. Dagher and Praneeth Babu Marella and Matea Milojkovic and Jordan Mohler},
    title = {BroncoVote: Secure Voting  System using Ethereum's Blockchain},
    booktitle = {Proceedings of the 4th International Conference on Information Systems Security and Privacy},
    year = {2018},
    pages = {96-107},
    location = {Funchal, Madeira, Portugal}
}

@inproceedings{Fusco2018,
    author = {Francesco Fusco and Maria Ilaria Lunesu and Filippo Eros Pani and Andrea Pinna},
    title = {Crypto-voting, a Blockchain based e-Voting System},
    booktitle = {IC3K 2018 - Proceedings of the 10th International Joint Conference on Knowledge Discovery Knowledge Engineering and Knowledge Management},
    year = {2018},
    volume = {3},
    pages = {223-227},
    doi = {10.5220/0006962102230227},
    isbn = {9789897583308}
}

@inproceedings{Hjalmarsson2018,
    author = {Fri{\dh}rik {\th}. Hj\'{a}lmarsson and Gunnlaugur K. Hrei{\dh}arsson and Mohammad Hamdaqa and G\'{i}sli Hj\'{a}lmt\'{y}sson},
    title = {Blockchain-Based E-Voting System},
    booktitle = {IEEE International Conference on Cloud Computing},
    year = {2018},
    month = {7},
    pages = {983-986},
    doi = {10.1109/CLOUD.2018.00151},
    isbn = {9781538672358},
    issn = {21596190}
}

@inproceedings{Hardwick2018,
    author = {Freya Sheer Hardwick and Apostolos Gioulis and Raja Naeem Akram and Konstantinos Markantonakis},
    title = {E-Voting with Blockchain: An E-Voting Protocol with Decentralization and Voter Privacy},
    booktitle = {2018 IEEE International Conference on Internet Things},
    year = {2018},
    pages = {1561-1567},
    location = {Halifax, Nova Scotia, Canada},
    doi = {10.1109/Cybermatics_2018.2018.}
}

@inproceedings{Hsiao2018,
    author = {Jen-Ho Hsiao and Raylin Tso and Chien-Ming Chen and Mu-En Wu},
    title = {Decentralized E-Voting Systems Based on the Blockchain Technology},
    booktitle = {Lecture Notes in Electrical Engineering},
    year = {2018},
    volume = {474},
    pages = {305-309},
    doi = {10.1007/978-981-10-7605-3_50},
    issn = {9789811076046}
}

@article{Khan2018,
    author = {Kashif Mehboob Kahn and Junaid Arshad and Muhammad Mubashir Khan},
    title = {Secure Digital Voting System based on Blockchain Technology},
    journal = {International Journal of Electronic Government Research},
    year = {2018},
    volume = {14},
    issue = {1},
    doi = {10.4018/IJEGR.2018010103},
    issn = {1548-3886}
}

@techreport{Kirby2016,
    author = {Kevin Kirby and Anthony Masi and Fernando Maymi},
    title = {Votebook, A proposal for a blockchain-based electronic voting system},
    institution = {New York University},
    month = {09},
    year = {2016},
    pagetotal = {14}
}

@inproceedings{Koc2018,
    author = {Ali Kaan Ko\c{c} and Emre Yavuz and Umut Can \c{C}abuk and G\"{o}khan Dalk{\i}l{\i}\c{c}},
    title = {Towards Secure E-Voting Using Ethereum Blockchain},
    booktitle = {6th Symposium on Digital Foresinc and Security},
    year = {2018},
    doi = {10.1109/ISDFS.2018.8355340},
    isbn = {9781538634493},
    issn = {0167-8140}
}

@inproceedings{Lai2018,
    author = {Wei-Jr Lai and Yung-Chen Hsieh and Chih-Wen Hsueh and Ja-Ling Wu},
    title = {DATE: A Decentralized, Anonymous, and Transparent E-Voting System},
    booktitle = {Proceedings of the 2018 1st IEEE International Conference in Hot Information-Centric Networking},
    year = {2018},
    doi = {10.1109/HOTICN.2018.8605994},
    isbn = {9781538648704}
}

@article{Lee2017,
    author = {Kibin Lee and Joshua I. James and Tekachew Gobena Ejeta},
    title = {Electronic Voting Service Using Block-chain},
    journal = {Journal of Digital Forensics, Security and Law},
    year = {2017},
    volume = {11},
    issue = {2},
    pages = {123-136},
    doi = {10.15394/jdfsl.2016.1383},
    issn = {15587223},
    isbn = {9788578110796}
}

@inproceedings{Matile2019,
    author = {Raphael Matile and Bruno Rodrigues and Eder Scheid and Burkhard Stiller},
    title = {CaIV: Cast-as-Intended Verifiability in Blockchain-based Voting},
    booktitle = {2019 IEEE International Conference on Blockchain and Cryptocurrency},
    year = {2019},
    pages = {24-28},
    location = {Seul, South Korea},
    isbn = {9781728113289}
}

@inproceedings{McCorry2017,
    author = {Patrick McCorry and Siamak F. Shahandashti and Feng Hao},
    title = {A Smart Contract for Boardroom Voting with Maximum Voter Privacy},
    booktitle = {Lecture Notes in Computer Science},
    year = {2017},
    volume = {10322 LNCS},
    pages = {357-375},
    doi = {10.1007/978-3-319-70972-7_20},
    issn = {9783319709710}
}

@inproceedings{Mols2020,
    author = {Johannes Mols and Emmanouil Vasilomanolakis},
    title = {ethVote: Towards secure voting with distributed ledgers},
    booktitle = {International Conference on Cyber Security and Protection of Digital Services and Cyber Security 2020},
    year = {2020},
    doi = {10.1109/CyberSecurity49315.2020.9138866},
    isbn = {9781728164281}
}

@inproceedings{Murtaza2019,
    author = {Malik Hamza Murtaza and Zahoor Ahmed Alizai and Zubair Iqbal},
    title = {Blockchain Based Anonymous Voting System Using zkSNARKs},
    booktitle = {Proceeding of the 2019 International Conference on Applied and Engineering Mathematics},
    year = {2019},
    pages = {209-2014},
    doi = {10.1109/ICAEM.2019.8853836},
    isbn = {9781728123530}
}

@inproceedings{Shaheen2017,
    author = {Safdar Hussain Shaheen and Muhammad Yousaf and Mudassar Jalil},
    title = {Temper Proof Data Distribution for Universal Verifiability and Accuracy in Electoral Process Using Blockchain},
    booktitle = {13th International Conference on Emerging Technologies},
    year = {2017},
    doi = {10.1109/ICET.2017.8281747}
}

@article{Shahzad2019,
    author = {Basit Shahzad and Jon Crowcroft},
    title = {Trustworthy Electronic Voting Using Adjusted Blockchain Technology},
    journal = {IEEE Access},
    year = {2019},
    volume = {7},
    pages = {24477-24488},
    doi = {10.1109/ACCESS.2019.2895670},
    issn = {21693536}
}

@inproceedings{Shukla2018,
    author = {Shalini Shukla and Shashank D. O. and Shasmiya A. N. and Mamatha H. R.},
    title = {Online Voting Application Using Ethereum Blockchain},
    booktitle = {2018 International Conference on Advances in Computing, Communications and Informatics},
    year = {2018},
    pages = {873-880},
    doi = {10.1109/ICACCI.2018.8554652},
    isbn = {9781538653142}
}

@inproceedings{Singh2019,
    author = {Ashish Singh and Kakali Chatterjee},
    title = {SecEVS: Secure Electronic Voting System Using Blockchain Technology},
    booktitle = {2018 International Conference on Computing, Power and Communication Technologies},
    year = {2019},
    pages = {863-867},
    doi = {10.1109/GUCON.2018.8675008},
    isbn = {9781538644911}
}

@inproceedings{Takabatake2021,
    author = {Yu Takabatake and Daisuke Kotani and Yasuo Okabe},
    title = {An anonymous distributed electronic voting system using Zerocoin},
    booktitle = {International Conference on Information Networking},
    year = {2021},
    pages = {163-168},
    location = {Jeju Island, South Korea},
    doi = {10.1109/ICOIN50884.2021.9333937},
    isbn = {9781728191003},
    issn = {19767684}
}

@inproceedings{Vo-Cao-Thuy2019,
    author = {Linh Vo-Cao-Thuy and Khoi Cao-Minh and Chuong Dang-Le-Bao and Tuan A. Nguyen},
    title = {Votereum: An Ethereum-based E-voting system},
    booktitle = {2019 IEEE-RIVF International Conference on Computing and Communication Technologies},
    year = {2019},
    location = {Danang, Vietnam},
    doi = {10.1109/RIVF.2019.8713661},
    isbn = {9781538693131}
}

@article{Wang2018,
    author = {Baocheng Wang and Jiawei Sun and Yunhua He and Dandan Pang and Ningxiao Lu},
    title = {Large-scale Election Based On Blockchain},
    journal = {Procedia Computer Science},
    year = {2018},
    volume = {129},
    pages = {234-237},
    doi = {10.1016/j.procs.2018.03.063},
    issn = {18770509}
}

@mastersthesis{Wu2017,
	author = {Tifan Wu},
	title = {An E-Voting System Based on Blockchain and Ring Signature},
	school = {University of Birmingham},
	year = {2017},
	department = {School of Computer Science},
	pagetotal = {54}
}

@article{Yi2019,
    author = {Haibo Yi},
    title = {Securing e-voting based on blockchain in P2P network},
    journal = {Eurasip Journal on Wireless Communications and Networking},
    year = {2019},
    issue = {137},
    doi = {10.1186/s13638-019-1473-6},
    issn = {16871499}
}

@inproceedings{Zhang2018,
    author = {Wenbin Zhang and Shen Huang and Yuan Yuan and Yanyan Hu and Shaohua Huang and Shengjiao Cao and Anuj Chopra},
    title = {A Privacy-Preserving Voting Protocol on Blockchain},
    booktitle = {2018 IEEE 11th International Conference on Cloud Computing},
    year = {2018},
    issue = {4},
    pages = {401-408},
    doi = {10.1109/CLOUD.2018.00057},
    isbn = {978-1-5386-7235-8},
    issn = {2159-6190}
}

@inproceedings{Zhao2016,
    author = {Zhichao Zhao and T-H. Hubert Chan},
    title = {How to Vote Privately using Bitcoin},
    booktitle = {Lecture Notes in Computer Science},
    year = {2016},
    volume = {9543},
    pages = {82-96},
    doi = {10.1007/978-3-319-29814-6_8},
    issn = {16113349}
}

@online{Investopedia2021,
    author = {John Edwards},
    title = {Bitcoin's Price History},
    year = {2021},
    url = {https://www.investopedia.com/articles/forex/121815/bitcoins-price-history.asp},
    urldate = {2021-08-23}
}

@online{Ernest2021,
	author = {Adam Kaleb Ernest},
	title = {Follow My Vote},
	year = {2021},
	url = {https://followmyvote.com},
	urldate = {2021-05-26},
}

@online{Ernest2022,
	author = {Adam Kaleb Ernest},
	title = {Follow My Vote - Blockchain Voting: The End-to-End Process},
	year = {2021},
	url = {https://followmyvote.com/blockchain-voting-the-end-to-end-process/},
	urldate = {2022-01-30},
}

@online{BitShares2023,
    author = {BitShares.com},
    title = {BitShares Whitepaper},
    year = {2021},
    url = {https://docs.bitshares.build/docs/get-started/bitshares-whitepaper/},
    urldate = {2023-03-03}
}

@online{TiVi2021,
	author = {tivi.io},
	title = {TiVi - Our Story},
	year = {2021},
	url = {https://tivi.io/},
	urldate = {2021-05-26},
}

@online{Tivi2021a,
    author = {Smartmatic and Cybernetica},
    title = {TiVi - Remote Voting Solutions Factsheet},
    year = {2021},
    url = {https://tivi.io/content/pdfs/Factsheet_TIVI-46baa9a2df.pdf},
    urldate = {2022-02-01}
}

@online{Tivi2021b,
    author = {Smartmatic and Cybernetica},
    title = {TiVi - Remote Voting Solutions Brochure},
    year = {2021},
    url = {https://tivi.io/content/pdfs/Smartmatic_Cybernetica_RemoteVoting-7da796d071.pdf},
    urldate = {2022-02-01}
}

@online{Tivi2021c,
    author = {Smartmatic and Cybernetica},
    title = {TiVi - Remote Voting Solutions White Paper},
    year = {2021},
    url = {https://tivi.io/content/pdfs/Whitepaper_Online_Voting_Challenge_Considerations_TIVI-0fd7d7e8e4.pdf},
    urldate = {2022-02-01}
}

@online{Agora2021,
	author = {Agora},
	title = {Agora - Bringing voting systems into the digital age},
	year = {2021},
	url = {https://www.agora.vote/},
	urldate = {2021-05-27},
}

@techreport{AgoraWhitePaper2021,
    author = {Agora},
    title = {Agora, Bringing our voting systems into the 21st century},
    institution = {Agora Voting Systems},
    year = {2021},
    pages = {41},
    url = {https://static1.squarespace.com/static/5b0be2f4e2ccd12e7e8a9be9/t/5f37eed8cedac41642edb534/1597501378925/Agora_Whitepaper.pdf}
}

@online{Agora2018,
    author = {Agora},
    title = {Agora Official Statement Regarding Sierra Leone Election},
    year = {2018},
    url = {https://medium.com/agorablockchain/agora-official-statement-regarding-sierra-leone-election-7730d2d9de4e#id_token=eyJhbGciOiJSUzI1NiIsImtpZCI6IjE4MmU0NTBhMzVhMjA4MWZhYTFkOWFlMWQyZDc1YTBmMjNkOTFkZjgiLCJ0eXAiOiJKV1QifQ.eyJpc3MiOiJodHRwczovL2FjY291bnRzLmdvb2dsZS5jb20iLCJuYmYiOjE2NDM5MjEyMzgsImF1ZCI6IjIxNjI5NjAzNTgzNC1rMWs2cWUwNjBzMnRwMmEyamFtNGxqZGNtczAwc3R0Zy5hcHBzLmdvb2dsZXVzZXJjb250ZW50LmNvbSIsInN1YiI6IjEwNjQ5NTI4MDU0MTYxMDUwMzIzMSIsImVtYWlsIjoicmRsYWxtZWlkYUBnbWFpbC5jb20iLCJlbWFpbF92ZXJpZmllZCI6dHJ1ZSwiYXpwIjoiMjE2Mjk2MDM1ODM0LWsxazZxZTA2MHMydHAyYTJqYW00bGpkY21zMDBzdHRnLmFwcHMuZ29vZ2xldXNlcmNvbnRlbnQuY29tIiwibmFtZSI6IlJpY2FyZG8gQWxtZWlkYSIsInBpY3R1cmUiOiJodHRwczovL2xoMy5nb29nbGV1c2VyY29udGVudC5jb20vYS0vQU9oMTRHamIyMFVxM2NPMG5PU3BiVmNKRjJrYmRGZVU5NmxIejRIbFotd3Bndz1zOTYtYyIsImdpdmVuX25hbWUiOiJSaWNhcmRvIiwiZmFtaWx5X25hbWUiOiJBbG1laWRhIiwiaWF0IjoxNjQzOTIxNTM4LCJleHAiOjE2NDM5MjUxMzgsImp0aSI6ImFjNDZjYjZjOGIwMmEyNWY5ZDc4ZmQ4MmM1OWE0YjEyMDU2NzRjOWYifQ.X9Sphl8-tqUEXYO_rSh6NC1rH2dF-WlTKfqtcuOn-fho196vWw027Dbb4ZfVZSiZduKGFtfEuTkjI_ofOWdNwNVeOnUkd9Z5t0-7sRMsZke5IJHnPr52H-Qr37-ckgLFyS3GZg5MkkhfmuvDy136L3szFux-CVSs4iahU5RakJA1OZEIHV6Y9fqhN1v8sHj5MOBMEUX69qXcXBVLHM16nSfRPF4gGuQIC8QUYULcvDrAxVMpHdEt4EJIwE0pn5XXsBPCAGczTpCl6SD7KUpekryM4qmT_a7xMuN3S21e8rMgwDZ_i3TUC3TUl86-WVRjiFHimmIV_c1d0ruRJ9TXwQ}
}

@online{Voatz2021,
	author = {Voatz},
	title = {Voatz - Secure, accessible voting at your fingertips},
	year = {2021},
	url = {https://voatz.com/},
	urldate = {2021-05-28},
}

@techreport{Moore2019,
    author = {Larry Moore},
    title = {Voatz Mobile Voting Platform Whitepaper},
    institution = {Voatz},
    year = {2019},
    pages = {15},
    url = {https://voatz.com/wp-content/uploads/2020/07/voatz-security-whitepaper.pdf}
}

@online{Toshendra2021,
    author = {Toshendra Kumar Sharma},
    title = {What are Bitcoin Farms?},
    url = {https://www.blockchain-council.org/blockchain/what-are-bitcoin-farms/},
    keywords = {bitcoin, blockchain, farm, mining},
    urldate = {08/05/2021}
}

@article{Forte2016,
    title = {Beyond Bitcoin - Part II: Blockchain-based systems without Mining},
    author = {Pasquale Forte and Diego Romano and Giovanni Schmid},
    journal = {IACR Cryptol. ePrint Arch.},
    year = {2016},
    volume = {2016},
    pages = {747-767}
}

@book{Antonopoulos2018,
	author = {Andreas M. Antonopoulos and Gavin Wood},
	title = {Mastering Ethereum, Building Smart Contracts and Dapps},
	year = {2018},
	edition = {1st},
	publisher = {O\'Reilly},
	isbn = {978-1-491-97194-9},
}

@inproceedings{Hanifatunnisa2018,
    author = {Rifa Hanifatunnisa and Budi Rahardjo},
    title = {Blockchain Based E-Voting Recording System Design},
    booktitle = {Proceeding of 2017 11th International Conference on Telecommunication System Services and Applications, TSSA 2017},
    year = {2018},
    volume = {January},
    pages = {1-6},
    doi = {10.1109/TSSA.2017.8272896},
    isbn = {9781538635469}
}

@article{Yang2020,
	author = {Xuechao Yang and Xun Yi adn Surya Nepal and Andrei Kelarev and Rengling Han},
	title = {Blockchain voting: Publicly verifiable online voting protocol without trusted tallying authorities},
	journal = {Future Generation Computer Systems},
	year = {2020},
	pages = {859-874},
	volume = {112},
	doi = {},
	issn = {}
}

@article{Chaieb2020,
	author = {Marwa Chaieb and Souheib Yousfi},
	title = {LOKI Vote: A Blockchain-based Coercion Resistant E-Voting Protocol},
	journal = {Lecture Notes in Business Information Processing},
	year = {2020},
	volume = {402},
	pages = {151-168},
	doi = {10.1007/978-3-030-63396-7_11},
	isbn = {9783030633950},
	issn = {18651356}
}

@inproceedings{Khoury2018,
	author = {David Khoury and Elie F. Kfoury and Ali Kassem and Hamza Harb},
	title = {Decentralized Voting Platform Based on Ethereum Blockchain},
	booktitle = {Proceedings of the 2018 IEEE International Multidisciplinary Conference on Engineering Technology (IMCET)},
	year = {2018},
	pages = {1-6},
	doi = {10.1109/ICAECT49130.2021.9392580},
	isbn = {9781728157900}
}

@article{Larriba2021,
    title = {Distributed Trust, a Blockchain Election Scheme},
    author = {Antonio M. Larriba and Aleix Cerdà I Cucó and José M. Sempere and Damián López},
    journal = {Informatica (Netherlands)},
    year = {2021},
    volume = {32},
	issue = {2},
    pages = {321-355},
	doi = {10.15388/20-INFOR440},
	issn = {08684952}
}

@inproceedings{Srivastava2018,
    author = {Gautam Srivastava and Ashutosh Shar Dwivedi and Rajani Singh},
    title = {Crypto-democracy: A Decentralized Voting Scheme using Blockchain Technology},
    booktitle = {ICETE 2018 - Proceedings of the 15th International Joint Conference on e-Business and Telecommunications},
    year = {2018},
    volume = {2},
    pages = {508-513},
    doi = {10.5220/0006881905080513},
    isbn = {9789897583193}
}

@inproceedings{Sadia2020,
    author = {Kazia Sadia and Md. Masuduzzaman and Rajib Kumar Paul and Anik Islam},
    title = {Blockchain-Based Secure E-Voting with the Assistance of Smart Contract},
    booktitle = {IC-BCT},
    year = {2020},
	location = {Singapore},
    pages = {161-176},
    isbn = {9789811545429},
}

@article{Danso2019,
    title = {Digital Voting Systems Deploying the use of Blockchain Technology},
    author = {Edward Danso Ansong and Joshua Appiah and Benjamin Odoi-Lartey},
    journal = {International Journal of Computer Applications},
    year = {2019},
    volume = {178},
    pages = {1-4},
	doi = {10.5120/ijca2019918992}
}

@article{Yadav2020,
    title = {E-Voting using Blockchain Technology},
    author = {Abhishek Subhash Yadav and Yash Vandesh Urade and Ashish Uttamrao Thombare and Abhijeet Anil Patil},
    journal = {International Journal of Engineering Research \& Technology (IJERT)},
    year = {2020},
    volume = {9},
	issue = {07},
    pages = {375-380},
	doi = {10.1007/978-981-16-9756-2_7},
	isbn = {9789811697555},
	issn = {23673389}
}

@article{Verma2022,
    title = {A Secure Framework for E-Voting Using Blockchain},
    author = {Garima Verma},
    journal = {IEEE Access},
    year = {2022},
    pages = {1-5},
	doi = {10.1109/iccsea54677.2022.9936073},
	isbn = {9781665458344},
}

@article{Mani2022,
    title = {College Election System using Blockchain},
    author = {Aanchal Mani and Samarjeet Patil and Soham Sheth and Lakshmi Sudha Kondaka},
    journal = {ITM Web of Conference},
    year = {2022},
    volume = {44},
    pages = {1-5},
	doi = {10.1051/itmconf/20224403005},
}

@article{Alvi2022,
    title = {DVTChain: A Blockchain-based decentralized mechanism },
    author = {Syada Tasmia Alvi and Mohammed Nasir Uddin and Linta Islam and Sajib Ahamed},
    journal = {Journal of King Saud University - Computer and Information Sciences},
    year = {2022},
    volume = {34},
	issue = {9},
    pages = {6855-6871},
	doi = {10.1016/j.jksuci.2022.06.014},
	issn = {22131248}
}

@article{Hu2022,
    title = {A Practical Anonymous Voting Scheme Based on Blockchain for Internet of Energy},
    author = {Houpeng Hu and Jiaxiang Ou and Bin Qian and Yi Luo and Peilin He and Mi Zhou and Zerui Chen},
    journal = {Security and Communication Network},
    year = {2022},
    volume = {2022},
	issue = {ii},
    pages = {1-15},
	doi = {10.1155/2022/4436824},
	issn = {19390122}
}

@article{Hassan2022,
    title = {A Liquid Democracy Enabled Blockchain-Based Electronic Voting System},
    author = {Ch Anwar ul Hassan and Muhammad Hammad and Jawaid Iqbal and Saddam Hussain and Syed Sajid Ullah and Hussain AlSalman and Mogeeb A. A. Moslch and Muhammad Arif},
    journal = {Scientific Programming},
    year = {2022},
    volume = {2022},
	doi = {10.1155/2022/1383007},
	issn = {10589244}
}

@inproceedings{Sharma2021,
    author = {Bharti Sharma and Kanika Maheshwari and Dharamveer Kumar and Anvesa Jaiswal},
    title = {Mobile Friendly Fully Decentralized Voting System using Blockchain Technology and IPFS},
    booktitle = {Proceedings of the Fifth International Conference on Trends in Electronics and Informatics(ICOEI)},
    pages = {588-595},
    doi = {10.1109/ICOEI51242.2021.9453092},
    isbn = {9781665415712}
}

@inproceedings{Killer2020,
    author = {Christian Killer and Bruno Rodrigues and Eder John Scheid and Muriel Franco and Moritz Eck and Nik Zaugg and Alex Scheitlin and Burkhard Stiller},
    title = {Provotum: A Blockchain-based and End-to-end Verifiable Remote Electronic Voting System},
    booktitle = {Proceedings of the 2020 IEEE Conference on Local Computer Networks (LNC)},
    year = {2020},
    volume = {November},
    pages = {172-183},
    doi = {10.1109/LCN48667.2020.9314815},
    isbn = {9781728171586}
}

@article{Krishnamurthy2020,
    title = {An enhanced security mechanism through blockchain for E-polling//counting process using IoT devices},
    author = {R. Krishnamurthy and Geetanjali Rathee and Naveen Jaglan},
    journal = {Wireless Networks},
    year = {2020},
    volume = {26},
	issue = {4},
    pages = {2391-2402},
	doi = {10.1007/s11276-019-02112-5},
	isbn = {0123456789},
	issn = {15728196}
}

@article{Li2021,
    title = {A Blockchain-Based Traceable Self-Tallying E-Voting Protocol in AI Era},
    author = {Huilin Li and Yannan Li and Yong Yu and Baocang Wang},
    journal = {IEEE Transactions on Network Science and Engineering},
    year = {2021},
    volume = {8},
	issue = {2},
    pages = {1019-1032},
	doi = {10.1109/TNSE.2020.3011928},
	issn = {23274697}
}

@article{Lyu2019,
    title = {A Secure Decentralized Trustless E-Voting System Based on Smart Contract},
    author = {Jiazhuo Lyu and Zoe L. Jiang and Xuan Wang and Zhenhao Nong and Man Ho Au and Junbin Fang},
    journal = {Proceedings of the 2019 18th IEEE International Conference On Trust, Security and Privacy In Computing And Communications/13th IEEE International Conference On Big Data Science and Engineering},
    year = {2019},
    pages = {570-570},
	doi = {10.1109/TrustCom/BigDataSE.2019.00082},
	isbn = {9781728127767}
}

@inproceedings{Perez2018,
    author = {Anthony J. Perez and Ebrima N. Ceesay},
    title = {Improving End-to-End Verifiable Voting Systems with Blockchain Technologies},
    booktitle = {Proceedings of the 2018 IEEE Conference on Internet of Things, Green Computing and Communications, Cyber, Physical and Social Computing, Smart Data, Blockchain, Computer and Information Technology, Congress on Cybermatics},
    year = {2018},
    pages = {1108-1115},
    doi = {10.1109/Cybermatics_2018.2018.00202},
    isbn = {9781538679753}
}

@inproceedings{Priya2020,
    author = {K. Lakshmi Sai Priya and Vh. Rupa},
    title = {Block Chain Technology based Electoral Franchise},
    booktitle = {Proceedings of the Second International Conference on Innovative Mechanisms for Industry Applications (ICIMIA 2020)},
    year = {2020},
    doi = {10.1109/ICIMIA48430.2020.9074931},
    isbn = {9781728141671},
}

@article{Shao2020,
    title = {AttriChain: Decentralized traceable anonymous identities in privacy-preserving permissioned blockchain},
    author = {Wei Shao and Chunfu Jia and Yunkai Xu and Kefan Qiu and Yan Gao and Yituo He},
    journal = {Computers and Security},
    year = {2020},
    volume = {99},
	doi = {10.1016/j.cose.2020.102069},
	issn = {01674048}
}

@inproceedings{Xu2020,
    author = {Ze Xu and Sanxiag Cao},
    title = {Efficient Privacy-Preserving Electronic Voting Scheme Based on Blockchain},
    booktitle = {Proceedings of the 2020 IEEE International Conference on Smart Internet of Things, SmartIoT 2020},
    year = {2020},
    pages = {190-196},
    doi = {10.1109/SmartIoT49966.2020.00036},
    isbn = {9781728165141},
}

@inproceedings{Zhang2019a,
    author = {Yuxian Zhang and Yi Li and Li Fang and Ping Chen and Xinghua Dong},
    title = {Privacy-protected Electronic Voting System Based on Blockchain and Trusted Execution Environment},
    booktitle = {Proceedings of the 2019 IEEE 5th International Conference on Computer and Communications},
    year = {2019},
    pages = {1252-1257},
    doi = {10.1109/ICCC47050.2019.9064387},
    isbn = {9781728147437}
}

@inproceedings{Yu2018,
    author = {Bin Yu and Joseph Liu and Amin Sakzad and Surya Nepal and Ron Steinfeld and Paul Rimba and Man Ho Au},
    title = {Platform-independent Secure Blockchain-Based Voting System},
    booktitle = {Proceedings of the 2018 International Conference on Information Security},
    year = {2018},
    pages = {369-386},
	location = {Bengaluru, India}
}

@inproceedings{Chaisawat2020,
    author = {Siriboon Chaisawat and Chalee Vorakulpipat},
    title = {Fault-Tolerant Architecture Design for Blockchain-Based Electronics Voting System},
    booktitle = {Proceedings of the 17th International Joint Conference on Computer Science and Software Engineering},
    year = {2020},
	location = {Bangkok, Thailand},
    pages = {116-121},
    doi = {10.1109/JCSSE49651.2020.9268264},
    isbn = {9781728161679}
}

@inproceedings{Vidwans2022,
    author = {Shantanu Vidwans and Amogh Deshpande and Pratiksha Thakur and Aditya Verma and Sushila Palwe},
    title = {Permissioned Blockchain Voting System using Hyperledger Fabric},
    booktitle = {Proceedings of the 2022 International Conference on IoT and Blockchain Technology, ICIBT 2022},
    year = {2022},
    pages = {1-6},
    doi = {10.1109/ICIBT52874.2022.9807702},
    isbn = {9781665424165},
}

@inproceedings{Seftyanto2019,
    author = {Donny Seftyanto and Amiruddin Amiruddin and Arif Rahman Hakim},
    title = {Design of Blockchain-Based Electronic Election System Using Hyperledger: Case of Indonesia},
    booktitle = {Proceedings of the 2019 4th International Conference on Information Technology, Information Systems and Electrical Engineering, ICITISEE 2019},
    year = {2019},
    volume = {6},
    pages = {228-233},
    doi = {10.1109/ICITISEE48480.2019.9003768},
    isbn = {9781728151182}
}

@inproceedings{Roopak2020,
    author = {Roopak T. M. and Dr. R. Sumathi},
    title = {Electronic Voting based on Virtual ID of Aadhar using Blockchain Technology},
    booktitle = {Proceedings of the Second International Conference on Innovative Mechanisms for Industry Applications (ICIMIA 2020)},
    year = {2020},
    pages = {71-75},
    doi = {10.1109/ICIMIA48430.2020.9074942},
    isbn = {9781728141671}
}

@article{Li2022,
    title = {A Blockchain-Based Self-Tallying Voting Protocol in Decentralized IoT},
    author = {Yannan Li and Willy Susilo and Guomin Yang and Yong Yu and Dongxi Liu and Xiaojiang Du and Mohsen Guizani},
    journal = {IEEE Transactions on Dependable and Secure Computing},
    year = {2022},
    volume = {19},
	issue = {1},
    pages = {119-130},
	doi = {10.1109/TDSC.2020.2979856},
	issn = {19410018}
}

@inproceedings{Zaghloul2020,
    author = {Ehab Zaghloul and Tongtong Li and Jian Ren},
    title = {Anonymous and Coercion-Resistant Distributed Electronic Voting},
    booktitle = {Proceedings of the 2020 International Conference on Computing, Networking and Communications (ICNC): Communications and Information Security Symposium},
    year = {2020},
    pages = {389-393},
    doi = {10.1109/ICNC47757.2020.9049653},
    isbn = {9781728149059}
}

@article{Zhang2020,
    title = {Chaintegrity: blockchain-enabled large-scale e-voting system with robustness and universal verifiability},
    author = {Shufan Zhang and Lili Wang and Hu Xiong},
    journal = {International Journal of Information Security},
    year = {2020},
    volume = {19},
	issue = {3},
    pages = {323-341},
	doi = {10.1007/s10207-019-00465-8},
	isbn = {1020701900},
	issn = {16155270}
}

@article{Dimitriou2020,
    title = {Efficient, Coercion-free and Universally Verifiable Blockchain-based Voting},
    author = {Tassos Dimitriou},
    journal = {Computer Networks},
    year = {2020},
    volume = {174},
	issue = {February},
	doi = {10.1016/j.comnet.2020.107234},
	issn = {13891286}
}

@article{Liu2017,
    title = {An E-voting Protocol Based on Blockchain},
    author = {Yi Liu and Qi Wang},
    journal = {IACR Cryptology ePrint Archive},
    year = {2017}
}

@inproceedings{Alvi2020,
    author = {Syada Tasmia Alvi and Mohammed Nasir Uddin and Linta Islam},
    title = {Digital Voting: A Blockchain-based E-Voting System using Biohash and Smart Contract},
    booktitle = {Proceedings of the Third International Conference on Smart Systems and Inventive Technology (ICSSIT 2020)},
    year = {2020},
    pages = {228-233},
    doi = {10.1109/ICSSIT48917.2020.9214250},
    isbn = {9781728158211}
}

@article{Chaieb2019,
    title = {DABSTERS: a Privacy Preserving e-Voting Protocol for Permissioned Blockchain},
    author = {Marwa Chaieb and Mirko Koscina and Souheib Yousfi and Pascal Lafourcade and Riadh Robbana},
    journal = {Leture Notes in Computer Science},
    year = {2019},
    volume = {11884 LNCS},
    pages = {292-312},
	doi = {10.1007/978-3-030-32505-3_17},
	isbn = {9783030325046},
	issn = {16113349}
}

@inproceedings{Han2020,
    author = {Gang Han and Yannan Li and Yong Yu and Kim-Kwang Raymond Choo and Nadra Guizani},
    title = {Blockchain-Based Self-Tallying Voting System with Software Updates in Decentralized IoT},
    booktitle = {IEEE Network},
    year = {2020},
    volume = {34},
	issue = {4},
    pages = {166-172},
    doi = {10.1109/MNET.001.1900439},
	issn = {1558156X}
}

@article{Zhou2020,
    title = {An improved FOO voting scheme using blockchain},
    author = {Yuanjian Zhou and Yining Liu and Chengshun Jiang and Shulan Wang},
    journal = {International Journal of Information Security},
    year = {2020},
    volume = {19},
	issue = {3},
    pages = {303-310},
	doi = {10.1007/s10207-019-00457-8},
	isbn = {1020701900},
	issn = {16155270}
}

@inproceedings{Faour2019,
    author = {Nazim Faour},
    title = {Transparent E-Voting dApp Based on Waves Blockchain and RIDE Language},
    booktitle = {Proceedings of the XVI International Symposium on Problems of Redundancy in Information and Control Systems (Redundancy 2019)},
    year = {2019},
    pages = {219-223},
    doi = {10.1109/REDUNDANCY48165.2019.9003336},
    isbn = {9781728119441}
}

@article{Sun2019,
    title = {A Simple Voting Protocol on Quantum Blockchain},
    author = {Xin Sun and Quanlong and Piotr Kulicki and Mirek Sopek},
    journal = {International Journal of Theoretical Physics},
    year = {2019},
    volume = {58},
	issue = {1},
    pages = {275-281},
	doi = {10.1007/s10773-018-3929-6},
	isbn = {1077301839},
	issn = {15729575}
}

@inproceedings{Vivek2020,
    author = {E-Voting System using Hyperledger Sawtooth},
    title = {Vivek S. K. and Yashank R. S. and Yashas Prashanth and Yashas N.},
    booktitle = {Proceedings of the 2020 International Conference on Advances in Computing, Communication and Materials (ICACCM 2020)},
    year = {2020},
    pages = {29-35},
    doi = {10.1109/ICACCM50413.2020.9212945},
    isbn = {9781728197852},
}

@inproceedings{Lopes2019,
    author = {Jorge Lopes and Jos\'e Lu\'is Pereira and Jo\~ao Varaj\~ao},
    title = {Blockchain Based E-Voting System: A Proposal},
    booktitle = {Proceedings of the 25th Americas Conference on Information Systems, AMCIS 2019},
    year = {2019},
	location = {Cancún, Mexico}
}

@article{Bouraga2021,
    author = {Sarah Bouraga},
    title = {A taxonomy of blockchain consensus protocols: A survey and classification framework},
    journal = {Expert Systems with Applications},
    year = {2021},
    volume = {168},
    issue = {November},
    doi = {10.1016/j.eswa.2020.114384},
    issn = {09574174}
}

@article{Xiao2020,
    author = {Yang Xiao and Ning Zhang and Wenjing Lou and Y. Thomas Hou},
    title = {A Survey of Distributed Consensus Protocols for Blockchain Networks},
    journal = {IEEE Communications Surveys and Tutorials},
    year = {2020},
    volume = {22},
    issue = {2},
    pages = {1432-1465},
    doi = {10.1109/COMST.2020.2969706},
    issn = {1553877X}
}

@article{Zhang2020a,
    author = {Shijie Zhang and Jong-Hyouk Lee},
    title = {Analysis of the main consensus protocols of blockchain},
    journal = {ICT Express},
    year = {2020},
    volume = {6},
    issue = {2},
    pages = {93-97},
    doi = {10.1016/j.icte.2019.08.001},
    issn = {24059595}
}

@article{Patel2019,
    author = {Vishal Patel},
    title = {A framework for secure and decentralized sharing of medical imaging data via blockchain consensus},
    journal = {Health Informatics Journal},
    year = {2019},
    volume = {25},
    issue = {4},
    pages = {1398-1411},
    doi = {10.1177/1460458218769699},
    issn = {17412811}
}

@inbook{Bowman2021,
    author = {Mic Bowman and Debajyoti Das and Avradip Mandal and Hart Montgomery},
    title = {Progress in Cryptology - INDOCRYPT 2021},
    volume = {13143},
    year = {2021},
    pages = {559-583},
    publisher = {Springer International Publishing}
}

@inproceedings{Milutinovic2016,
    author = {Mitar Milutinovic and Warren He and Howard Wu and Maxinder Kanwal},
    title = {Proof of Luck: an Efficient Blockchain Consensus Protocol},
    booktitle = {Proceedings of the 1st Workshop on System Software for Trusted Execution},
    date = {2016-12-12},
    year = {2016},
    pages = {1-7},
    doi = {10.1145/3007788.3007790},
    isbn = {9781450346702}
}

@article{Ahmed2012,
    author = {Maryam Ahmed and Baharan Sanjabi and Difo Aldiaz and Amirhossein Rezaei and Habeeb Omotunde},
    title = {Diffie-Hellman and Its Application in Security Protocols},
    journal = {International Journal of Engineering Science and Innovative Technology (IJESIT)},
    year = {2012},
    volume = {1},
    issue = {2},
    pages = {69-73}
}

@inproceedings{Banerjee2020,
    author = {Aritra Banerjee and Michael Clear and Hitesh Tewari},
    title = {Demystifying the Role of zk-SNARKS in Zcash},
    booktitle = {2020 IEEE Conference of Application Information and Network Security AINS 2020},
    year = {2020},
    pages = {12-19},
    doi = {10.1109/AINS50155.2020.9315064},
    isbn = {9781728192406}
}

@inproceedings{Ben-Sasson2014,
    author = {Eli Ben-Sasson and Alessandro Chiesa and Christina Garman and Mattehew Green and Ian Miers and Eran Tromer and Madars Virza},
    title = {Zerocash: Decentralized Anonymous Payments from Bitcoin},
    booktitle = {Proceedings of the 2014 IEEE Symposium on Security and Privacy},
    year = {2014},
    pages = {459-474},
    doi = {10.1109/SP.2014.36},
    isbn = {9781479946860},
    issn = {10816011}
}

@online{Buterin2016,
	author = {Vitalik Buterin},
	title = {Quadratic Arithmetic Programs: from Zero to Hero},
	year = {2016},
	url = {https://medium.com/@VitalikButerin/quadratic-arithmetic-programs-from-zero-to-hero-f6d558cea649},
	urldate = {2023-02-15}
}

@article{Chaum1988a,
    author = {David Chaum},
    title = {The Dining Cryptographers Problem: Unconditional Sender and Recipient Untraceability},
    journal = {Journal of Cryptology},
    year = {1988},
    volume = {1},
    issue = {1},
    pages = {65-75},
    doi = {10.1007/BF00206326},
    issn = {09332790}
}

@inproceedings{Diffie1988,
    author = {Whitfield Diffie},
    title = {The First Ten Years of Public Key Cryptography},
    booktitle = {Proceedings of the IEEE},
    volume = {76},
    issue = {5},
    year = {1988},
    pages = {560-577}
}

@inbook{Hebant2020,
    author = {Chlo\'e H\'ebant and Duong Hieu Phan and David Pointcheval},
    title = {Linearly-Homomorphic Signatures and Scalable Mix-Nets},
    booktitle = {Lecture Notes in Computer Science},
    year = {2020},
    volume = {12111 LNCS},
    publisher = {Springer, Cham},
    pages = {597-627},
    doi = {10.1007/978-3-030-45388-6_21},
    issn = {16113349},
    isbn = {9783030453879}
}

@article{Maurer2000,
    author = {Ueli M. Maurer and Stefan Wolf},
    title = {The Diffie-Hellman Protocol},
    journal = {Designs, Codes and Cryptography},
    year = {2000},
    volume = {19},
    pages = {147-171}
}

@article{Parno2016,
    author = {Bryan Parno and Jon Howell and Craig Gentry and Mariana Raykova},
    title = {Pinocchio: Nearly Practical Verifiable Computation},
    journal = {Communications of the ACM},
    year = {2016},
    volume = {69},
    issue = {2},
    pages = {103-112},
    doi = {10.1145/2856449},
    issn = {15577317}
}

@article{Pedersen1991,
    author = {Torben Pryds Pedersen},
    title = {A Threshold Cryptosystem without a Trusted Party},
    journal = {Lecture Notes in Computer Science},
    year = {1991},
    volume = {547 LNCS},
    pages = {522-526},
    doi = {10.1007/3-540-46416-6_47},
    issn = {16113349},
    isbn = {9783540546207}
}

@article{Sidorov2022,
    author = {Vasily Sidorov and Ethan Wei Yi Fan and Wee Keong Ng},
    title = {Comprehensive Performance Analysis of Homomorphic Cryptosystems for Practical Data Processing},
    journal = {arXiv:2202.02960v1},
    year = {2022},
    url = {http://arxiv.org/abs/2202.02960}
}

@article{Joshi2021,
    author = {Shashank Joshi},
    title = {Feasibility of Proof of Authority as a Consensus Protocol Model},
    journal = {arXiv: 2109.02480v1},
    year = {2021},
    url = {http://arxiv.org/abs/2109.02480}
}

@techreport{OKeeffe2008,
	author = {Michael O'Keeffe},
	title = {The Paillier Cryptosystem, A Look into the Cryptosystem and its Potential Applications},
	type = {Technical report},
	institution = {The College of New Jersey},
	year = {2008},
	pagetotal = {16}
}

@inproceedings{Xinyi2018,
    author = {Yang Xinyi and Zhang Yi and Yulin He},
    title = {Technical Characteristics and Model of Blockchain},
    booktitle = {Proceedings of the 10th International Conference on Communication Software and Networks, ICCSN 2018},
    year = {2018},
    pages = {562-566},
    doi = {10.1109/ICCSN.2018.8488289},
    isbn = {9781538672235}
}

@article{Viriyasitavat2019,
    author = {Wattana Viriyasitavat and Danupol Hoonsopon},
    title = {Blockchain characteristics and consensus in modern business processes},
    journal = {Journal of Industrial Information Integration},
    year = {2019},
    volume = {13},
    issue = {July},
    pages = {32-39},
    doi = {10.1016/j.jii.2018.07.004},
    issn = {2452414X}
}

@article{Viriyasitavat2019a,
    author = {Wattana Viriyasitavat and Tharwon Anuphaptrirong and Danupol Hoonsopon},
    title = {When blockchain meets Internet of Things: Characteristics, challenges and business opportunities},
    journal = {Journal of Industrial Information Integration},
    year = {2019},
    volume = {15},
    issue = {February},
    pages = {21-28},
    doi = {10.1016/j.jii.2019.05.002},
    issn = {2452414X}
}

@inproceedings{Suratkar2020,
    author = {Saurabh Suratkar and Mahesh Shirole and Sunil Bhirud},
    title = {Cryptocurrency Wallet: A Review},
    booktitle = {Proceedings of the 4th International Conference on Computer, Communication and Signal Processing (ICCCSP)},
    pages = {1-7},
    year = {2020},
    doi = {10.1109/ICCCSP49186.2020.9315193.}
}

@inproceedings{Neff2001,
    author = {C. Andrew Neff},
    title = {A Verifiable Secret Shuffle and its Application to E-Voting},
    booktitle = {Proceedings of the ACM Conference on Computer and Communication Security},
    pages = {116-125},
    year = {2001},
    doi = {10.1145/501997.502000},
    isbn = {1581133855}
}

@inproceedings{Nikitin2017,
    author = {Kirill Nikitin and Eleftherios Kokoris-Kogias and Philipp Jovanovic and Nicolas Gailly and Linus Gasser},
    title = {CHAINIAC: Proactive Software-Update Transparency via Collectively Signed Skipchains and Verified Builds},
    booktitle = {Proceedings of the 26th USENIX Security Symposium},
    year = {2017},
    pages = {1271-1287},
    isbn = {9781931971409}
}

@inproceedings{Tomescu2017,
    author = {Alin Tomescu and Srinivas Devadas},
    title = {Catena: Efficient Non-equivocation via Bitcoin},
    booktitle = {Proceedings of the 2017 IEEE Symposium on Security and Privacy},
    year = {2017},
    pages = {393-409},
    doi = {10.1109/SP.2017.19},
    isbn = {9781509055326},
    issn = {10816011}
}

@inproceedings{Eberhardt2018,
    author = {Jacob Eberhardt and Stefan Tai},
    title = {ZoKrates - Scalable Privacy-Preserving Off-Chain Computations},
    booktitle = {2018 IEEE International Conference on Internet of Things (iThings), Green Computing and Communications (GreenCom), Cyber, Physical and Social Computing (CPSCom) and Smart Data (SmartData)},
    year = {2018},
    pages = {1084-1091},
    doi = {10.1109/Cybermatics},
    isbn = {9781538679753}
}

@article{Maesa2023,
    author = {Damiano Di Francesco Maesa and Andrea Lisi and Paolo Mori and Laura Ricci and Gianluca Boschi},
    title = {Self sovereign and blockchain based access control: Supporting attributes privacy with zero knowledge},
    journal = {Journal of Network and Computer Applications},
    year = {2023},
    volume = {212},
    issue = {103577},
    pages = {1-19},
    doi = {10.1016/j.jnca.2022.103577},
    issn = {10958592}
}

@article{Gennaro2013,
    author = {Rosario Gennaro and Craig Gentry and Bryan Parno and Mariana Raykova},
    title = {Quadratic Span Programs and Succinct NIZKs without PCPs},
    journal = {Lecture Notes in Computer Science},
    year = {2013},
    volume = {7881 LNCS},
    pages = {626-645},
    doi = {10.1007/978-3-642-38348-9_37},
    isbn = {9783642383472},
    issn = {03029743}
}

@inproceedings{Ben-Sasson2014a,
    author = {Eli Ben-Sasson and Alessandro Chiesa and Eran Tromer and Madars Virza},
    title = {Succinct Non-Interactive Zero Knowledge for a von Neumann Architecture},
    booktitle = {Proceedings of the 23rd USENIX Security Symposium},
    year = {2014},
    pages = {781-796},
    isbn = {9781931971157}
}

@inproceedings{Bartoletti2017,
    author = {Massimo Bartoletti and Livio Pompianu},
    title = {An Analysis of Bitcoin OP\_RETURN Metadata},
    booktitle = {Lecture Notes in Computer Science},
    year = {2017},
    volume = {9603},
    pages = {218-230},
    arXiv = {1702.01024},
    doi = {10.1007/978-3-319-70278-0_14},
    isbn = {9783319702773},
    issn = {16113349}
}

@online{Szabo1997,
    author = {Nick Szabo},
    title = {Formalizing and Securing Relationships on Public Networks},
    publisher = {First Monday},
    year = {1997},
    url = {https://firstmonday.org/ojs/index.php/fm/article/download/548/469},
    urldate = {2023-06-04}
}

@inproceedings{Zou2021,
    author = {Weiqin Zou and David Lo and Pavneet Singh Kochhar and Xuan-Bach Dinh Le and Xia Xia and Yang Feng and Zhenyu Chen and Baowen Xu},
    title = {Smart Contract Development: Challenges and Opportunities},
    booktitle = {IEEE Transactions on Software Engineering},
    year = {2021},
    volume = {47},
    issue = {10},
    pages = {2084-2106},
    doi = {10.1109/TSE.2019.2942301},
    issn = {19393520}
}

@inproceedings{Xiu2017,
    author = {Xiwei Xu and Ingo Weber and Mark Staples and Liming Zhu and Jan Bosch and Len Bass and Cesare Pautasson and Paul Rimba},
    title = {A Taxonomy of Blockchain-Based Systems for Architecture Design},
    booktitle = {Proceedings of the 2017 IEEE International Conference on Software Architecture, ICSA 2017},
    year = {2017},
    pages = {243-252},
    doi = {10.1109/ICSA.2017.33},
    isbn = {9781509057290}
}

@article{Tasca2019,
    author = {Paolo Tasca and Claudio J. Tessone},
    title = {Taxonomy of Blockchain Technologies, Principles of Identification and Classification},
    journal = {arXiv},
    year = {2019},
    volume = {4},
    pages = {1-43},
    arxiv = {1708.04872},
    doi = {10.5195/ledger.2019.140}
}

@inproceedings{Xu2017,
    author = {Xiwei Xu and Ingo Weber and Mark Staples and Liming Zhu and Jan Bosch and Len Bass and Cesare Pautasso and Paul Rimba},
    title = {A Taxonomy of Blockchain-Based Systems for Architecture Design},
    booktitle = {Proceedings of the 2017 IEEE International Conference on Software Architecture},
    year = {2017},
    pages = {243-252},
    doi = {10.1109/ICSA.2017.33},
    isbn = {9781509057290}
}

@article{AlSammak2015,
    author = {Abdelwahab AlSammak and Alaa AbdElRahman and Tarek ElShishtawy and AbouBakr Elewa},
    title = {Challenges of Electronic Voting - A Survey},
    journal = {Advances in Computer Science: an International Journal},
    volume = {4},
    issue = {6},
    month = {11},
    year = {2015},
    pages = {98-108},
    issn = {2322-5157}
}

@article{Cabuk2020,
    author = {Umut Can \c{C}abuk and Eyl\"{u}l Ad{\i}g\"{u}zel and Enis Karaarslan},
    title = {A Survey on Feasibility and Suitability of Blockchain Techniques for the E-Voting Systems},
    journal = {International Journal of Advanced Research in Computer and Communication Engineering},
    volumen = {7},
    issue = {3},
    month = {3},
    year = {2018},
    pages = {124-134},
    issn = {23318-422}
}

@inproceedings{Vivek2020a,
    author = {Vivek S. K. and Yashank R. S. and Yashas Prashanth and Yashas N. and Namratha M.},
    title = {E-Voting Systems using Blockchain: An Exploratory Literature Survey},
    booktitle = {Proceedings of the Second International Conference on Inventive Research in Computing Applications},
    year = {2020},
    pages = {890-895},
    isbn = {9781728153742}
}

@inproceedings{Al-Maaitah2021,
    author = {Sarah Al-Maaitah and Mohammad Qatawneh and Abdullah Quzmar},
    title = {E-Voting System Based on Blockchain Technology: A Survey},
    booktitle = {Proceedings of the 2021 International Conference on Informal Technology},
    year = {2021},
    isbn = {9781665428705},
    pages = {200-205}
}

@techreport{Bungale2003,
	author = {Prashanth P. Bungale and Swaroop Sridhar},
	title = {Electronic Voting - A Survey},
	type = {Technical Report},
	institution = {John Hopkins University},
	year = {2003},
	pagetotal = {5}
}

@article{Sayyad2019,
    author = {S. F. Sayyad and Mangesh Pawar and Ashutosh Patil and Vandana Pathare and Prayag Poduval},
    title = {Features of Blockchain Voting: A Survey},
    journal = {International Journal for Innovative Research in Science \& Technology},
    volume = {5},
    issue = {9},
    month = {2},
    year = {2019},
    pages = {12-14},
    issn = {2349-6010}
}

@article{Vladucu2023,
    author = {Maria-Victoria Vladucu and Ziqian Dong and Jorge Medina and Roberto Rojas-Cessa},
    title = {E-Voting Meets Blockchain: A Survey},
    journal = {IEEE Access},
    volume = {11},
    issue = {3},
    year = {2023},
    pages = {23293-23308},
    issn = {21693536},
    doi = {10.1109/ACCESS.2023.3253682}
}

@article{Singh2021,
    author = {Shivam Singh and Shriprasad Wable and Pandurang Kharose},
    title = {A Review Of E-Voting System Based on Blockchain Technology},
    journal = {International Journal of New Practices in Management and Engineering},
    volume = {10},
    issue = {4},
    year = {2021},
    pages = {9-13},
    issn = {2250-0839}
}

@inproceedings{Weldemariam2010,
    author = {Komminist Weldemariam and Adolfo Villfiorita},
    title = {A Survey: Electronic Voting Development and Trends},
    booktitle = {Proceedings of the 4th International Conference on Electronic Voting 2010, EVOTE 2010},
    year = {2010},
    month = {1},
    pages = {119-131},
    isbn = {9783885792611}
}

@article{Tas2020,
    author = {Rhui Ta\c{s} and \"{O}zg\"{u}r},
    title = {A Systematic Review of Challenges and Opportunities of Blockchain for E-Voting},
    journal = {Symmetry},
    year = {2020},
    volume = {12},
    issue = {8},
    pages = {1-24},
    doi = {10.3390/sym12081328},
    issn = {20738994}
}

@inproceedings{Abuidris2019,
    author = {Yousif Abuidris and Rajesh Kumar and Wang Wenyong},
    title = {A Survey of Blockchain Based on E-Voting Systems},
    booktitle = {Proceedings of the 2019 2nd International Conference on Blockchain Technology and Applications},
    month = {12},
    year = {2019},
    pages = {99-104},
    doi = {https://doi.org/10.1145/3376044.3376060}
}

@mastersthesis{OMeara2013,
	author = {Mark O\'Meara},
	title = {Survey \& Analysis of E-Voting Solutions},
	school = {Department of Computer Science, Trinity College, University of Dublin},
	year = {2013},
	location = {Dublin, Ireland},
    pages = {76}
}

@article{Kadam2019,
    author = {Snehal Kadam and Khushaboo Chavan and Ishita Kulkarni and Amrut Patil},
    title = {Survey on Digital E-Voting System by using Blockchain Technology},
    journal = {International Journal of Advance Scietific Research and Engineering Trends},
    volume = {4},
    issue = {2},
    year = {2019},
    pages = {5-8},
    issn = {2456-0774}
}

@inproceedings{Jafar2021,
    author = {Uzma Jafar and Mohd Juzaiddin Ab Aziz},
    title = {A State of the Art Survey and Research Directions on Blockchain Based Electronic Voting System},
    booktitle = {Advances in Cyber Security (ACeS 2020) - Communications in Computer and Information Science},
    volume = {1347},
    pages = {248-266},
    year = {2021},
    doi = {https://doi.org/10.1007/978-981-33-6835-4_17}
}

@article{Salman2022,
    author = {Saba Abdul-Baqi Salman and Sufyan Al-Janabi and Ali Makki Sagheer},
    title = {A Review on E-Voting Based on Blockchain Models},
    journal = {Iraqi Journal of Science},
    volume = {63},
    issue = {3},
    pages = {1362-1375},
    year = {2022},
    doi = {10.24996/ijs.2022.63.3.38}
}

@inproceedings{Rabia2021,
    author = {Rabia Fatih and Sara Arezki and Taoufiq Gadi},
    title = {A survey on e-voting based on blockchain},
    booktitle = {Proceedings of the 4th International Conference on Networking, Information Systems \& Security},
    year = {2021},
    pages = {1-8},
    doi = {10.1145/3454127.3457626},
    isbn = {978-1-4503-8871-9}
}

@techreport{Cetinkaya2005,
    author = {{\c{C}}etinkaya, Orhan and Do{\u{g}}anaksoy, Ali},
    title = {Electronic Voting Protocol Based on Blind Signatures},
    type = {Technical Report},
    institution = {Middle East Technical University},
    location = {Ankara, Turkey},
    pagetotal = {10},
    url = {https://user.ceng.metu.edu.tr/~corhan/Papers/ulusal05.pdf},
    year = {2005}
}

@article{Juang1996,
    author = {Wen-Shenq Juang and Chin-Laung Lei},
    title = {A collision-free secret ballot protocol for computerized general elections},
    journal = {Computers and Security},
    year = {1996},
    volume = {15},
    issue = {4},
    pages = {339-348},
    doi = {10.1016/0167-4048(96)00011-9},
    issn = {01674048}
}

@techreport{Nasser2018,
    author = {Yomna Nasser and Chidinma Okoye and Jeremy Clark and Peter Y. A. Ryan},
    title = {Blockchain and Voting: Somwhere between hype and a panacea},
    type = {White Paper},
    pagetotal = {12},
    year = {2018},
    institution  = {Concordia University Irvine},
    url = {https://users.encs.concordia.ca/~clark/papers/draft_voting.pdf}
}

@incollection{Ali2016,
    author = {Syed Taha Ali and Judy Murray},
    title = {An Overview of End-to-End Verifiable Voting Systems},
    journal = {Real-World Electronic Voting},
    pages = {189-234},
    crossref = {realworldvoting2016}
}

@book{realworldvoting2016,
    year = {2016},
    title = {Real-World Electronic Voting: Design, Analysis and Deployment},
    booktitle = {Real-World Electronic Voting: Design, Analysis and Deployment},
    editor = {Feng Hao and Peter Y. A. Ryan},
    publisher = {CRC Press},
    address = {Boca Raton, Florida, USA}
}

@online{blockchainexplorer2023,
    url = {https://www.blockchain.com/explorer}
}

@online{blockchair2023,
    url = {https://blockchair.com/}
}

@online{bscscan2023,
    url = {https://bscscan.com/}
}

@online{Gharegozlou2019,
    author = {Roham Gharegozlou},
    title = {Introducing Flow, a new blockchain from the creators of CryptoKitties},
    year = {2019},
    url = {https://medium.com/dapperlabs/introducing-flow-a-new-blockchain-from-the-creators-of-cryptokitties-d291282732f5},
    urldate = {2022-06-20}
}

@online{Cadence2023,
    title = {The Cadence Programing Language},
    year = {2023},
    url = {https://cadence-lang.org/docs/language/},
    urldate = {2023-12-02}
}