@online{Jones2003,
    author = {Doug Jones},
    title = {A Brief Illustrated History of Voting},
    url = {https://homepage.cs.uiowa.edu/~jones/voting/pictures/},
    year = {2003},
    urlyear = {21-08-2020}
}

@techreport{Economist2021,
	author = {The Economist Intelligence Unit},
	title = {Democracy Index 2020, In Sickness and in Health?},
	type = {Annual report},
	institution = {The Economist},
	year = {2021},
	pagetotal = {75}
}

@techreport{flow2020a,
    author = {Flow blockchain development team},
    title = {Flow Prime},
    type = {technical report},
    year = {2020},
    institution = {Flow},
    pagetotal = {75},
    url = {https://flow.com/primer}
}

@article{Nakamoto2008,
    author = {Satoshi Nakamoto},
    title = {Bitcoin: A Peer-to-Peer Electronic Cash System},
    journal = {www.bitcoin.org},
    year = {2008},
    pages = {1-9}
}

@article{Diffie1976,
	author = {Whitfield Diffie and Martin E. Hellman},
	title = {New Directions in Cryptography},
	journal = {IEEE Transactions on Information Theory},
	year = {1976},
	month = {11},
	volume = {22},
	issue = {6},
	pages = {644-654},
	isbn = {9781000239157}
}

@article{Shamir1979,
	author = {Adi Shamir},
	title = {How to Share a Secret},
	journal = {Communications of the ACM},
	year = {1979},
	volume = {22},
	issue = {11},
	pages = {612-613}
}

@article{Benaloh1986b,
	author = {Josh Benaloh},
	title = {Secret Sharing Homomorphisms: Keeping Shares of a Secret Secret},
	journal = {Advances in Cryptology - CRYPTO '86},
	year = {1986},
	pages = {251-260}
}

@thesis{Rjaskova2002,
	author = {Zuzana Rja{\v s}kov{\' a}},
	title = {Electronic Voting Schemes},
	type = {Master's Thesis},
	institution = {Department of Computer Science, Faculty of Mathematics, Physics and Informatics, Comenius University},
	year = {2002},
	location = {Bratislava, Slovakia},
	issn = {10009825}
}

@thesis{Benaloh1987,
	author = {Josh Benaloh},
	title = {Verifiable Secret-Ballot Elections},
	type = {PhD Thesis},
	institution = {Yale University},
	year = {1987}
}

@article{Tranfield2003,
    author = {David Tranfield and David Denyer and Paminder Smart},
    title = {Towards a Methodology for Developing Evidence-Informed Management Knowledge by Means of Systematic Review},
    journal = {British Journal of Management},
    year = {2003},
    volume = {14},
    pages = {207-222}
}

@inproceedings{Petersen2008,
    author = {Kai Petersen and Robert Feldt and Shahid Mujtaba and Michael Mattsson},
    title = {Systematic Mapping Studies in Software Engineering},
    booktitle = {Proceedings of the 12th International Conference on Evaluation and Assessment in Software Engineering},
    year = {2008},
    volume = {17},
    issue = {1},
    pages = {33-55},
    isbn = {0-7695-2555-5},
    issn = {02181940}
}

@article{Kitechenham2009,
    author = {Barbara Kitchenham and O. Pearl Brereton and David Budgen and Mark Turner and John Bailey and Stephen Linkman},
    title = {Systematic literature reviews in software engineering - A systematic literature review},
    journal = {Information and Software Technology},
    year = {2009},
    volume = {51},
    issue = {1},
    pages = {7-15},
    issn = {09505849}
}

@article{Chaum1983,
	author = {David Chaum},
	title = {Blind Signatures for Untraceable Payments},
	journal = {Advances in Cryptology},
	year = {1983},
	pages = {199-205},
	issn = {00200255}
}

@thesis{Herschberg1997,
	author = {Mark Herschenberg},
	title = {Secure Electronic Voting Over the World Wide Web},
	type = {Master's Thesis},
	institution = {Massachusetts Institute of Technology},
	year = {1997},
	pagetotal = {88}
}

@article{Cramer1997,
	author = {Ronald Cramer and Rosario Gennaro and Berry Shoenmakers},
	title = {A Secure and Optimally Efficient Multi-Authority Election Scheme},
	jornaltitle = {Advances in Cryptology - EUROCRYPT '97},
	year = {1997},
	volume = {8},
	issue = {5},
	pages = {103-118}
}

@article{Schneider2004,
	author = {Bruce Schneider},
	title = {Voting Security and Technology},
	journal = {IEEE Security and Privacy},
	year = {2004},
	volume = {2},
	issue = {1},
	pages = {84-84},
	issn = {15407993}
}

@online{Shamos1993,
	author = {Michael Ian Shamos},
	title = {Electronic Voting - Evaluating the Threat},
	year = {1993},
	url = {http://wheresthepaper.org/Shamos1993ElectronicVotingEvaluatingTheThreat.htm},
	urlyear = {2019-10-25},
}

@inproceedings{Lee2000,
	author = {Byoungcheon Lee and Kwangjo Kim},
	title = {Receipt-free Electronic Voting through the Collaboration of Voter and Honest Verifier},
	booktitle = {Proceedings of JW-ISC 2000},
	year = {2000},
	pages = {1-8},
	location = {Okinawa, Japan}
}

@inproceedings{Neumann1993,
    author = {Peter G. Neumann},
    title = {Security Criteria for Electronic Voting},
    booktitle = {Proceedings of the 16th National Computer Security Conference},
    year = {1993},
    pages = {1-7},
    location = {Baltimore, USA}
}

@article{Hirt2000,
	author = {Martin Hirt and Kazue Sako},
	title = {Efficient Receipt-Free Voting Based on Homomorphic Encryption},
	journal = {Lecture Notes in Computer Science - EUROCRYPT 2000},
	year = {2000},
	pages = {539-556}
}

@inproceedings{Benaloh1994,
	author = {Josh Benaloh and Dwight Tuinstra},
	title = {Receipt-Free Secret-Ballot Elections},
	booktitle = {26th Annual ACM Symposium on Theory of Computing},
	year = {1994},
	pages = {544-553},
	location = {Montreal, Canada}
}

@article{Sako1994,
	author = {Kazue Sako and Joe Kilian},
	title = {Secure Voting Using Partially Compatible Homomorphisms},
	journal = {Advances in Cryptology - CRYPTO '94},
	year = {1994},
	pages = {411-424}
}

@inproceedings{Schweisgut2006,
    author = {J\"{o}rn Schweisgut},
    title = {Coersion-Resistant Electronic Elections with Observer},
    booktitle = {Electronic Voting 2006},
    year = {2006},
    pages = {171-177}
}

@inproceedings{Radwin1995,
	author = {Michael J. Radwin},
	title = {An untraceable, universally verifiable voting scheme},
	booktitle = {Seminar in Cryptology},
	year = {1995},
	pages = {1-9}
}

@thesis{Faria2012,
	author = {Pedro Vasconcelos Castro Lopes Faria},
	title = {Remote Electronic Voting: Studying and Improving Helios},
	type = {Master's Thesis},
	institution = {University of Minho, Portugal},
	year = {2012}
}

@article{Adida2008,
	author = {Ben Adida},
	title = {Helios: Web-based Open-Audit Voting},
	journal = {USENIX Security Symposium},
	year = {2008},
	volumne = {17},
	pages = {335-348}
}

@inproceedings{Araujo2010,
	author = {Roberto Ara{\' u}jo and Narjes Ben Rajeb and Riadh Robbana and Jacques Traor{\' e} and Souheib Yousfi},
	title = {Towards Practical and Secure Coercion-Resistant Electronic Elections},
	booktitle = {Proceedings of the 9th International Conference on Cryptography and Network Security},
	year = {2010},
	issue = {LNCS 6467},
	pages = {278-297}
}

@inproceedings{Baraani1995,
	author = {Ahmad Baraani-Dastjerdi and Josef Pieprzyk and Reihaneh Safavi-Naini},
	title = {A Practical Electronic Voting Protocol Using Threshold Schemes},
	booktitle = {Proceedings of the 11th Annual Computer Security Applications Conference},
	year = {1995},
	publisher = {IEEE Computer Security Press},
	location = {New Orleans, Lousiana, USA}
}

@inproceedings{Benaloh1986a,
	author = {Josh Benaloh and Moti Young},
	title = {Distributing the Power of a Government to Enhance the Privacy of Voters},
	booktitle = {Proceedings of the 5th ACM Symposium on the Principles of Distributed Computing},
	year = {1986},
	pages = {52-62}
}

@inproceedings{Boyd1990,
	author = {Colin Boyd},
	title = {A New Multiple key Cipher and an Improved Voting Scheme},
	booktitle = {EUROCRYPT '89 Proceedings - Advances in Cryptology},
	publisher = {Springer-Verlag},
	year = {1990},
	pages = {617-625}
}

@article{Chaum2007,
	author = {David Chaum and Jeroen Van De Graaf and Peter Y. A. Ryan and Poorvi L. Vora},
	title = {Secret Ballot Elections with Unconditional Integrity},
	journal = {Cryptology ePrint Archive},
	year = {2007},
	issue = {270},
	pages = {1-33},
	issn = {00029114}
}

@inproceedings{Cohen1985,
	author = {Josh D. Cohen and Michael J. Fischer},
	title = {A Robust and Verifiable Cryptographically Secure Election Scheme},
	booktitle = {26th Symposium on Foundations of Computer Science},
	year = {1985},
	month = {07},
	pages = {1-12}	
}

@inproceedings{Cramer1996,
	author = {Ronald Cramer and Matthew Franklin and Berry Schoenmakers and Moti Yung},
	title = {Multi-Authority Secret-Ballot Elections with Linear Work},
	booktitle = {EUROCRYPT '96 Conference Proceedings},
	year = {1996},
	volume = {1070},
	pages = {72-83},
	isbn = {354061186X},
	issn = {16113349}
}

@article{Cranor2002,
	author = {Lorrie Faith Cranor and Ron K. Cytron},
	title = {Sensus: A Security-Conscious Electronic Polling System for the Internet},
	journal = {Proceedings of the Thirtieth Hawaii International Conference on System Sciences},
	year = {1997},
	pages = {561-570},
	isbn = {0-8186-7743-0}
}

@inproceedings{Fujioka1992,
	author = {Atsushi Fujioka and Tatsuaki Okamoto and Kazuo Ohta},
	editor = {Jeniffer Seberry and Yuliang Zheng},
	title = {A Practical Secret Voting Scheme for Large Scale Elections},
	booktitle = {Workshop on the Theory and Application of Cryptographic Techniques},
	year = {1992},
	pages = {244-251},
	publisher = {Springer-Verlag},
	location = {Gold Coast, Queensland, Australia}
}

@inproceedings{Ibrahim2003,
	authors = {Subariah Ibrahim and Maznah Kamat and Mazleena Salleh and Shah Rizan Abdul Aziz},
	title = {Secure E-Voting With Blind Signature},
	booktitle = {NCTT 2003 Proceedings - 4th National Conference on Telecommunication Technology},
	year = {2003},
	pages = {194-197},
	isbn = {0780377737}
}

@article{Iversen1992,
	author = {Kenneth R. Iversen},
	title = {A Cryptographic Scheme for Computerized General Elections},
	journal = {Advances in Cryptology},
	year = {1992},
	issue = {LNCS 576},
	pages = {405-419}	
}

@article{Joaquim2003,
	author = {Rui Joaquim and Andr\'{e} Z\'{u}quete and Paulo Ferreira},
	title = {REVS - A Rocust Electronic Voting System},
	journal = {IADIS International Journal of www/Internet},
	year = {2003},
	volume = {1},
	issue = {i},
	pages = {47-63}
}

@article{Juang1997,
	author = {Wen-Shenq Juang and Chin-Laung Lei},
	title = {A Secure and Practical Electronic Voting Scheme for Real World Environments},
	journal = {IEICE Transactions Fundamentals},
	year = {1997}
}

@article{Juang2002,
	author = {Wen-Shenq Juang and Chin-Laung Lei and Horng-Twu Liaw},
	title = {A Verifiable Multi-Authority Secret Election Allowing Abstention from Voting},
	journal = {The Computer Journal},
	year = {2002},
	volume = {45},
	issue = {6},
	pages = {672-682},
	issn = {00104620}
}

@article{Ku1999,
	author = {Wei-Chi Ku and Sheng-De Wang},
	title = {A secure and practical electric voting scheme},
	journal = {Computer Communications},
	year = {1999},
	volume = {22},
	issue = {3},
	pages = {279-286},
	isbn = {8862236352},
	issn = {01403664}
}

@article{Locher2016,
	author = {Phillipp Locher and Rolf Haenni},
	title = {Receipt-free remote electronic elections with everlasting privacy},
	journal = {Annals of Telecommunications},
	year = {2016},
	volume = {71},
	issue = {7-8},
	pages = {323-336},
	issn = {19589395}
}

@article{Magkos2001,
	author = {Emmanouil Magkos and Mike Burmester and Vassilis Chrissikopoulos},
	title = {Receipt-freeness in Large-Scale Elections without Untappable Channels},
	journal = {IFIP Advances in Information and Communication Technology},
	year = {2001},
	volume = {74},
	pages = {683-694},
	isbn = {0792375297},
	issn = {18684238}
}

@article{Moran2006,
	author = {Tal Moran and Moni Naor},
	title = {Receipt-free Universally-Verifiable Voting with Everlasting Privacy},
	journal = {Lecture Notes in Computer Science},
	year = {2006},
	volume = {4117 LNCS},
	pages = {373-392},
	issn = {16113349},
}

@article{Niemi1995,
	author = {Valtteri Niemi and Ari Renvall},
	title = {How to Prevent Buying of Votes in Computer Elections},
	journal = {Advances in Cryptology - ASIACRYPT '94},
	year = {1995},
	volume = {917},
	pages = {164-170},
	isbn = {9783540593393},
	issn = {16113349}
}

@article{Niemi1999,
	author = {Valtteri Niemi and Ari Renvall},
	title = {Efficient voting with no selling of votes},
	journal = {Theoretical omputer Science},
	year = {1999},
	volume = {226},
	issue = {1},
	pages = {105-116},
	issn = {03043975}
}

@article{Nurmi1991,
	author = {Hannu Nurmi and Arto Salomaa and Lila Santean},
	title = {Secret Ballot Elections in Computer Networks},
	journal = {Computer and Security},
	year = {1991},
	volume = {10},
	issue = {6},
	pages = {553-560}
}

@article{Okamoto1996,
	author = {Tatsuaki Okamoto},
	title = {An electronic voting scheme},
	journal = {Advanced IT Tools},
	year = {1996},
	pages = {21-30}
}

@article{Okamoto1998,
	author = {Tasuaki Okamoto},
	title = {Receipt.Free Electronic Voting Schemes for Large Scale Elections},
	journal = {Lecture Notes in Computer Science},
	year = {1998},
	volume = {1361},
	pages = {25-35},
	isbn = {3540640401},
	issn = {16113349}
}

@article{Park1994,
	author = {Choonsik Park and Kazutomo Itoh and Kaoru Kurosawa},
	title = {Efficient Anonymous Channel and All/Nothing Election Scheme},
	journal = {Lecture Notes in Computer Science},
	year = {1994},
	volume = {765 LNCS},
	pages = {248-259},
	isbn = {9783540576006},
	issn = {16113349}
}

@article{Sako1998,
	author = {Kazue Sako and Joe Kilian},
	title = {Receipt-Free Mix-Type Voting Scheme - A practical solution to the implementation of a voting booth},
	journal = {Advances in Cryptology - EUROCRYPT '95},
	year = {1998}
}

@book{Schneider1994,
	author = {Bruce Schneider},
	title = {Applied Cryptography},
	year = {1994},
	edition = {2nd},
	publisher = {John Wiley \& Sons},
	location = {New York},
	isbn = {978-1-119-09672-6},
}

@article{Juels2010,
	author = {Ari Juels and Dario Catalano and Markus Jackobsson},
	title = {Coercion-Resistant Electronic Elections},
	journal = {Lecture Notes in Computer Science},
	year = {2010},
	volume = {6000 LNCS},
	pages = {37-63},
	isbn = {364212979X},
	issn = {03029743}
}

@article{Binder2019,
    author = {Nadja Braun Binder and Robert Krimmer and Gregor Wenda and Dirk-Hinnerk Fischer},
    title = {International Standards and ICT Projects in Public Administration: Introducing Electronic Voting in Norway, Estonia and Switzerland Compared},
    journal = {The Estonian Journal of Administrative Culture and Digital Governance},
    year = {2019},
    volume = {19},
    issue = {2},
    pages = {8-22}
}

@article{Gjosteen2016,
    author = {Kristian Gj{\o}steen and Smedstuen Lund},
    title = {An experiment on the security of the Norwegian electronic voting protocol},
    journal = {Annals of Telecommunications},
    year = {2016},
    volume = {71},
    issue = {7-8},
    pages = {299-307},
    issn = {19589395}
}

@article{Pinault2012,
    author = {Tiphaine Pinault and Pascal Courtade},
    title = {E-voting at Expatriates' MPs elections in France},
    journal = {Electronic Voting},
    year = {2012},
    month = {02},
    pages = {289-195},
    isbn = {3885792990}
}

@inbook{Goodman2014,
    author = {Nicole J. Goodman},
    title = {Internet Voting in a Local Election in Canada},
    booktitle = {The Internet and Democracy in Global Perspective: Studies in Public Choice},
    year = {2014},
    volume = {31},
    chapter = {1},
    pages = {7-24},
    publisher = {Springer, Cham},
    isbn = {978-3-319-04351-7}
}

@inproceedings{Madise2006,
    author = {\"{U}lle Madise and Tarvi Martens},
    title = {E-voting in Estonia 2005: The first practice of country-wide binding Internet voting in the world},
    booktitle = {Proceedings of the 2nd International Workshop on Electronic Voting},
    year = {2006},
    pages = {15-26},
    editor = {Robert Krimmer},
    location = {Bregenz, Austria}
}

@inproceedings{Braun2006,
    author = {Nadja Braun and Daniel Br\"{a}ndli},
    title = {Swiss E-Voting Pilot Projects: Evaluation, Situation Analysis and How to Proceed},
    booktitle = {Proceedings of the 2nd International Workshop on Electronic Voting},
    year = {2006},
    pages = {27-36},
    editor = {Robert Krimmer},
    location = {Bregenz, Austria}
}

@techreport{Barrat2012,
    author = {Jordi Barrat i Esteve and Ben Goldsmith and John Turner},
    title = {International Experience with E-Voting: Norwegian E-Vote Project},
    type = {Assessment Report},
    Institution = {The International Foundation for Electoral Systems},
    year = {2012},
    month = {06},
    pagetotal = {188},
    location = {Washington, U.S.A}
}

@article{Heiberg2005,
    author = {Sven Heiberg and Arnis Parsovs and Jan Willemson},
    title = {Log Analysis of Estonia Internet Voting 2013-2015},
    journal = {Lecture Notes in Computer Science},
    year = {2015},
    issue = {9269},
    pages = {19-34},
    isbn = {9783319222691},
    issn = {16113349}
}

@inproceedings{Finkenauer2014,
    author = {Drew Springall and Travis Finkenauer and Zakir Durumeric and Jason Kitcal and Harry Hursti and Margaret MacAlpine and J. Alex Halderman},
    title = {Security Analysis of the Estonian Internet Voting System},
    booktitle = {Proceedings of the 2014 ACM SIGSAC Conference on Computer and Communication Security},
    year = {2014},
    month = {05},
    pages = {703-715},
    isbn = {9781450329576},
    issn = {15437221}
}

@article{Halderman2015,
    author = {J. Alex Halderman and Vanessa Teague},
    title = {The New South Wales iVote System: Security Failures and Verification Flaws in a Live Online Election},
    journal = {Lecture Notes in Computer Science},
    year = {2015},
    month = {03},
    issue = {9269},
    pages = {35-53},
    isbn = {9783319222691},
    issn = {16113349}
}

@book{Narayanan2016,
    author = {Arvind Narayanan and Joseph Bonneau and Edward Felten and Andrew Miller and Steven Goldfeder},
    title = {Bitcoin and Cryptocurrency Technologies},
    year = {2016},
    publisher = {Princeton University Press}
}

@book{Dannen2016,
    author = {Chris Dannen},
    title = {Introducing Ethereum and Solidity},
    year = {2016},
    publisher = {Apress}
}

@online{Daria2022,
    author = {Daria R.},
    title = {Top 6 Blockchain Frameworks to Build Your App},
    year = {2020-02-25},
    url = {https://rubygarage.org/blog/best-blockchain-frameworks},
    urlyear = {2022-01-16}
}

@inproceedings{Adiputra2019,
    author = {Cosmas Krisna Adiputra and Rikard Hjort and Hiroyuki Sato},
    title = {A Proposal of Blockchain-based Electronic Voting System},
    booktitle = {Proceedings of the 2nd World Conference on Smart Trends in Systems, Security and Sustainability},
    year = {2019},
    pages = {185-192},
    isbn = {9781538672808}
}

@inproceedings{Alam2018,
    author = {Zia Ur Rashid Asraful Alam and Ariful Islam Abdus Salam},
    title = {Towards Blockchain-Based E-Voting System},
    booktitle = {2018 International Conference on Innovations in Science, Engineering and Technology - ICISET 2018},
    year = {2018},
    pages = {351-354},
    isbn = {9781538685242}
}

@techreport{Barnes2016,
	author = {Andrew Barnes and Christopher Brake and Thomas Perry},
	title = {Digital Voting with the use of Blockchain Technology},
	institution = {Plymouth University},
	year = {2016},
	pagetotal = {19}
}

@inproceedings{Bartolucci2018,
    author = {Silvia Bartolucci and Pauline Bernat and Daniel Joseph},
    title = {SHARVOT: secret SHARe-based VOTing on the blockchain},
    booktitle = {WETSEB'18: IEEE/ACM 1st International Workshop on Emerging Trends in Software Engineering for Blockchain},
    year = {2018},
    pages = {1-5}
}

@article{BenAyed2017,
    author = {Ahmed Ben Ayed},
    title = {A Conceptual Secure Blockchain-based Electronic Voting System},
    journal = {International Journal of Network Security \& Its Applications (IJNSA)},
    volume = {9},
    issue = {3},
    month = {05},
    year = {2017},
    pages = {1-9},
    isbn = {9781787125445},
    issn = {09752307}
}

@inproceedings{Bistarelli2017,
    author = {Stefano Bistarelli and Marco Mantilacci and Paolo Santancini and Francesco Santancini},
    title = {An End-to-end Voting-system Based on Bitcoin},
    booktitle = {Proceedings of the 32nd ACM SIGAPP Symposium on Applied Computing},
    year = {2017},
    pages = {1836-1841},
    isbn = {9781450344869},
    issn = {1063-0732}
}

@inproceedings{Bosri2019,
    author = {Rabeya Bosri and Abdur Razzak Uzzal and Abdullah Al Omar and A. S. M. Touhidul Hasan and Md. Zakirul Alam Bhuiyan},
    title = {Towards A Privacy-Preserving Voting System Through Blockchain Technologies},
    booktitle = {Proceedings of the IEEE 17th International Conference on Dependable, Autonomic and Secure Computing},
    year = {2019},
    pages = {602-608},
    isbn = {9781728130248}
}

@article{Burhanuddin2018,
    author = {Nur Sakinah Burhanuddin and Fadhlan Hafizhelmi Kamaru Zaman and Ahmad Ihsan Mohd Yassin and Nooritawati Md Tahir},
    title = {Blockchain in Voting System Application},
    journal = {International Journal of Engineering and Technology},
    year = {2018},
    volume = {7},
    issue = {4},
    pages = {156-162},
    issn = {2227524X}
}

@inproceedings{Chaieb2018,
    author = {Marwa Chaieb and Souheib Yousfi and Pascal Lafourcade and Riadh Robbana},
    title = {Verify-Your-Vote: A Verifiable Blockchain-based Online Voting Protocol},
    booktitle = {Lecture Notes in Business Information Processing},
    year = {2018},
    pages = {16-30},
    location = {Limassol, Cyprus}
}

@article{Cruz2016,
    author = {Jason Paul Cruz and Yuichi Kaji},
    title = {E-voting System Based on the Bitcoin Protocol and Blind Signatures},
    journal = {IPSJ Transactions on Mathematical Modeling and Its Applications},
    year = {2016},
    issue = {7},
    volume = {2016-MPS-107}
}

@inproceedings{Dagher2018,
    author = {Gaby G. Dagher and Praneeth Babu Marella and Matea Milojkovic and Jordan Mohler},
    title = {BroncoVote: Secure Voting  System using Ethereum's Blockchain},
    booktitle = {Proceedings of the 4th International Conference on Information Systems Security and Privacy},
    year = {2018},
    pages = {96-107},
    location = {Funchal, Madeira, Portugal}
}

@inproceedings{Fusco2018,
    author = {Francesco Fusco and Maria Ilaria Lunesu and Filippo Eros Pani and Andrea Pinna},
    title = {Crypto-voting, a Blockchain based e-Voting System},
    booktitle = {IC3K 2018 - Proceedings of the 10th International Joint Conference on Knowledge Discovery Knowledge Engineering and Knowledge Management},
    year = {2018},
    volume = {3},
    pages = {223-227},
    isbn = {9789897583308}
}

@inproceedings{Hjalmarsson2018,
    author = {Fri{\dh}rik {\th}. Hj\'{a}lmarsson and Gunnlaugur K. Hrei{\dh}arsson and Mohammad Hamdaqa and G\'{i}sli Hj\'{a}lmt\'{y}sson},
    title = {Blockchain-Based E-Voting System},
    booktitle = {IEEE International Conference on Cloud Computing},
    year = {2018},
    month = {7},
    pages = {983-986},
    isbn = {9781538672358},
    issn = {21596190}
}

@inproceedings{Hardwick2018,
    author = {Freya Sheer Hardwick and Apostolos Gioulis and Raja Naeem Akram and Konstantinos Markantonakis},
    title = {E-Voting with Blockchain: An E-Voting Protocol with Decentralization and Voter Privacy},
    booktitle = {2018 IEEE International Conference on Internet Things},
    year = {2018},
    pages = {1561-1567},
    location = {Halifax, Nova Scotia, Canada}
}

@inproceedings{Hsiao2018,
    author = {Jen-Ho Hsiao and Raylin Tso and Chien-Ming Chen and Mu-En Wu},
    title = {Decentralized E-Voting Systems Based on the Blockchain Technology},
    booktitle = {Lecture Notes in Electrical Engineering},
    year = {2018},
    volume = {474},
    pages = {305-309},
    issn = {9789811076046}
}

@article{Khan2018,
    author = {Kashif Mehboob Kahn and Junaid Arshad and Muhammad Mubashir Khan},
    title = {Secure Digital Voting System based on Blockchain Technology},
    journal = {International Journal of Electronic Government Research},
    year = {2018},
    volume = {14},
    issue = {1},
    issn = {1548-3886}
}

@techreport{Kirby2016,
    author = {Kevin Kirby and Anthony Masi and Fernando Maymi},
    title = {Votebook, A proposal for a blockchain-based electronic voting system},
    institution = {New York University},
    month = {09},
    year = {2016},
    pagetotal = {14}
}

@inproceedings{Koc2018,
    author = {Ali Kaan Ko\c{c} and Emre Yavuz and Umut Can \c{C}abuk and G\"{o}khan Dalk{\i}l{\i}\c{c}},
    title = {Towards Secure E-Voting Using Ethereum Blockchain},
    booktitle = {6th Symposium on Digital Foresinc and Security},
    year = {2018},
    pages = {1-6},
    isbn = {9781538634493},
    issn = {0167-8140}
}

@inproceedings{Lai2018,
    author = {Wei-Jr Lai and Yung-Chen Hsieh and Chih-Wen Hsueh and Ja-Ling Wu},
    title = {DATE: A Decentralized, Anonymous, and Transparent E-Voting System},
    booktitle = {Proceedings of the 2018 1st IEEE International Conference in Hot Information-Centric Networking},
    pages = {24-29},
    year = {2018},
    isbn = {9781538648704}
}

@article{Lee2017,
    author = {Kibin Lee and Joshua I. James and Tekachew Gobena Ejeta},
    title = {Electronic Voting Service Using Block-chain},
    journal = {Journal of Digital Forensics, Security and Law},
    year = {2017},
    volume = {11},
    issue = {2},
    pages = {123-136},
    issn = {15587223},
    isbn = {9788578110796}
}

@inproceedings{Matile2019,
    author = {Raphael Matile and Bruno Rodrigues and Eder Scheid and Burkhard Stiller},
    title = {CaIV: Cast-as-Intended Verifiability in Blockchain-based Voting},
    booktitle = {2019 IEEE International Conference on Blockchain and Cryptocurrency},
    year = {2019},
    pages = {24-28},
    location = {Seul, South Korea},
    isbn = {9781728113289}
}

@inproceedings{McCorry2017,
    author = {Patrick McCorry and Siamak F. Shahandashti and Feng Hao},
    title = {A Smart Contract for Boardroom Voting with Maximum Voter Privacy},
    booktitle = {Lecture Notes in Computer Science},
    year = {2017},
    volume = {10322 LNCS},
    pages = {357-375},
    issn = {9783319709710}
}

@inproceedings{Mols2020,
    author = {Johannes Mols and Emmanouil Vasilomanolakis},
    title = {ethVote: Towards secure voting with distributed ledgers},
    booktitle = {International Conference on Cyber Security and Protection of Digital Services and Cyber Security 2020},
    pages = {1-8},
    year = {2020},
    isbn = {9781728164281}
}

@inproceedings{Murtaza2019,
    author = {Malik Hamza Murtaza and Zahoor Ahmed Alizai and Zubair Iqbal},
    title = {Blockchain Based Anonymous Voting System Using zkSNARKs},
    booktitle = {Proceeding of the 2019 International Conference on Applied and Engineering Mathematics},
    year = {2019},
    pages = {209-2014},
    isbn = {9781728123530}
}

@inproceedings{Shaheen2017,
    author = {Safdar Hussain Shaheen and Muhammad Yousaf and Mudassar Jalil},
    title = {Temper Proof Data Distribution for Universal Verifiability and Accuracy in Electoral Process Using Blockchain},
    booktitle = {13th International Conference on Emerging Technologies},
    year = {2017}
}

@article{Shahzad2019,
    author = {Basit Shahzad and Jon Crowcroft},
    title = {Trustworthy Electronic Voting Using Adjusted Blockchain Technology},
    journal = {IEEE Access},
    year = {2019},
    volume = {7},
    pages = {24477-24488},
    issn = {21693536}
}

@inproceedings{Shukla2018,
    author = {Shalini Shukla and Shashank D. O. and Shasmiya A. N. and Mamatha H. R.},
    title = {Online Voting Application Using Ethereum Blockchain},
    booktitle = {2018 International Conference on Advances in Computing, Communications and Informatics},
    year = {2018},
    pages = {873-880},
    isbn = {9781538653142}
}

@inproceedings{Singh2019,
    author = {Ashish Singh and Kakali Chatterjee},
    title = {SecEVS: Secure Electronic Voting System Using Blockchain Technology},
    booktitle = {2018 International Conference on Computing, Power and Communication Technologies},
    year = {2019},
    pages = {863-867},
    isbn = {9781538644911}
}

@inproceedings{Takabatake2021,
    author = {Yu Takabatake and Daisuke Kotani and Yasuo Okabe},
    title = {An anonymous distributed electronic voting system using Zerocoin},
    booktitle = {International Conference on Information Networking},
    year = {2021},
    pages = {163-168},
    location = {Jeju Island, South Korea},
    isbn = {9781728191003},
    issn = {19767684}
}

@inproceedings{Vo-Cao-Thuy2019,
    author = {Linh Vo-Cao-Thuy and Khoi Cao-Minh and Chuong Dang-Le-Bao and Tuan A. Nguyen},
    title = {Votereum: An Ethereum-based E-voting system},
    booktitle = {2019 IEEE-RIVF International Conference on Computing and Communication Technologies},
    year = {2019},
    pages = {1-6},
    location = {Danang, Vietnam},
    isbn = {9781538693131}
}

@article{Wang2018,
    author = {Baocheng Wang and Jiawei Sun and Yunhua He and Dandan Pang and Ningxiao Lu},
    title = {Large-scale Election Based On Blockchain},
    journal = {Procedia Computer Science},
    year = {2018},
    volume = {129},
    pages = {234-237},
    issn = {18770509}
}

@thesis{Wu2017,
	author = {Tifan Wu},
	title = {An E-Voting System Based on Blockchain and Ring Signature},
	type = {Master's Thesis},
	institution = {University of Birmingham},
	year = {2017},
	department = {School of Computer Science},
	pagetotal = {54}
}

@article{Yi2019,
    author = {Haibo Yi},
    title = {Securing e-voting based on blockchain in P2P network},
    journal = {Eurasip Journal on Wireless Communications and Networking},
    year = {2019},
    issue = {137},
    issn = {16871499}
}

@inproceedings{Zhang2018,
    author = {Wenbin Zhang and Shen Huang and Yuan Yuan and Yanyan Hu and Shaohua Huang and Shengjiao Cao and Anuj Chopra},
    title = {A Privacy-Preserving Voting Protocol on Blockchain},
    booktitle = {2018 IEEE 11th International Conference on Cloud Computing},
    year = {2018},
    issue = {4},
    pages = {401-408},
    isbn = {978-1-5386-7235-8},
    issn = {2159-6190}
}

@inproceedings{Zhao2016,
    author = {Zhichao Zhao and T-H. Hubert Chan},
    title = {How to Vote Privately using Bitcoin},
    booktitle = {Lecture Notes in Computer Science},
    year = {2016},
    volume = {9543},
    pages = {82-96},
    issn = {16113349}
}

@online{Investopedia2021,
    author = {John Edwards},
    title = {Bitcoin's Price History},
    year = {2021},
    url = {https://www.investopedia.com/articles/forex/121815/bitcoins-price-history.asp},
    urlyear = {2021-08-23}
}

@online{Ernest2021,
	author = {Adam Kaleb Ernest},
	title = {Follow My Vote},
	year = {2021},
	url = {https://followmyvote.com},
	urlyear = {2021-05-26},
}

@online{Ernest2022,
	author = {Adam Kaleb Ernest},
	title = {Follow My Vote - Blockchain Voting: The End-to-End Process},
	year = {2021},
	url = {https://followmyvote.com/blockchain-voting-the-end-to-end-process/},
	urlyear = {2022-01-30},
}

@online{TiVi2021,
	author = {tivi.io},
	title = {TiVi},
	year = {2021},
	url = {https://tivi.io/},
	urlyear = {2021-05-26},
}

@online{Tivi2021a,
    author = {Smartmatic and Cybernetica},
    title = {TiVi - Remote Voting Solutions Factsheet},
    year = {2021},
    url = {https://tivi.io/content/pdfs/Factsheet_TIVI-46baa9a2df.pdf},
    urlyear = {2022-02-01}
}

@online{Tivi2021b,
    author = {Smartmatic and Cybernetica},
    title = {TiVi - Remote Voting Solutions Brochure},
    year = {2021},
    url = {https://tivi.io/content/pdfs/Smartmatic_Cybernetica_RemoteVoting-7da796d071.pdf},
    urlyear = {2022-02-01}
}

@online{Tivi2021c,
    author = {Smartmatic and Cybernetica},
    title = {TiVi - Remote Voting Solutions White Paper},
    year = {2021},
    url = {https://tivi.io/content/pdfs/Whitepaper_Online_Voting_Challenge_Considerations_TIVI-0fd7d7e8e4.pdf},
    urlyear = {2022-02-01}
}

@online{Agora2021,
	author = {Agora},
	title = {Agora - Bringing voting systems into the digital age},
	year = {2021},
	url = {https://www.agora.vote/},
	urlyear = {2021-05-27},
}

@techreport{AgoraWhitePaper2021,
    author = {Agora},
    title = {Agora, Bringing our voting systems into the 21st century},
    institution = {www.agora.vote},
    year = {2021},
    pages = {41},
    url = {https://static1.squarespace.com/static/5b0be2f4e2ccd12e7e8a9be9/t/5f37eed8cedac41642edb534/1597501378925/Agora_Whitepaper.pdf}
}

@online{Voatz2021,
	author = {Voatz},
	title = {Voatz - Secure, accessible voting at your fingertips},
	year = {2021},
	url = {https://voatz.com/},
	urlyear = {2021-05-28},
}

@techreport{Moore2019,
    author = {Larry Moore},
    title = {Voatz Mobile Voting Platform Whitepaper},
    year = {2019},
    pages = {15},
    url = {https://voatz.com/wp-content/uploads/2020/07/voatz-security-whitepaper.pdf}
}

@online{Toshendra2021,
    author = {Toshendra Kumar Sharma},
    title = {What are Bitcoin Farms?},
    url = {https://www.blockchain-council.org/blockchain/what-are-bitcoin-farms/},
    keywords = {bitcoin, blockchain, farm, mining},
    urlyear = {2021-05-08}
}

@article{Forte2016,
    title = {Beyond Bitcoin - Part II: Blockchain-based systems without Mining},
    author = {Pasquale Forte and Diego Romano and Giovanni Schmid},
    journal = {IACR Cryptol. ePrint Arch.},
    year = {2016},
    volume = {2016},
    pages = {747-767}
}

@book{Antonopoulos2018,
	author = {Andreas M. Antonopoulos and Gavin Wood},
	title = {Mastering Ethereum, Building Smart Contracts and Dapps},
	year = {2018},
	edition = {1nd},
	publisher = {O\'Reilly},
	isbn = {978-1-491-97194-9},
}

@techreport{Caltech2014,
	author = {R. Michael Alvarez and Stephen Ansolabehere and Thad E. Hall and Jonathan N. Katz and Ronald L. Rivest and Charles Stewart III},
	title = {Voting: What has Changed, What Hasn't, \& What Needs Improvement},
	type = {Annual report},
	institution = {Caltech/MIT Voting Technology Project},
	year = {2014},
	pagetotal = {84}
}

@article{Chaum1981,
    author = {Chaum1981},
    title = {Untraceable Electronic Mail, Return Addresses, and Digital Pseudonyms},
    journal = {Communications of the ACM},
    year = {1981},
    volume = {24},
    pages = {84-90},
    issn = {00010782}
}

@article{ElGamal1984,
    author = {Taher ElGamal},
    title = {A Public Key Cryptosystem and a Signature Scheme based on Discrete Logarithms},
    journal = {Advances in Cryptology - Crypto '84},
    year = {1984},
    pages = {10-18}
}

@article{Rivest1983,
    author = {Ron Rivest and Adi Shamir and Leonard Adleman},
    title = {A Method for Obtaining Digital Signatures and Public-Key Cryptosystems},
    journal = {Communications of the ACM},
    year = {1983},
    volume = {26},
    issue = {1},
    pages = {96-99}
}

@inproceedings{Jakobsson2002,
    author = {Markus Jakobsson and Ari Juels and Ronald L. Rivest},
    title = {Making Mix Nets Robust for Electronic Voting by Randomized Partial Checking},
    booktitle = {Proceedings for the 11th USENIX Security Simposium},
    year = {2002},
    pages = {1-16}
}

@article{Goldwasser1986,
    author = {Shafi Goldwasser and Silvio Micali and Charles Rackoff},
    title = {The Knowledge Complexity of Interactive Proof Systems},
    journal = {Society for Industrial and Applied Mathematics (SIAM) Journal on Computing},
    year = {1989},
    volume = {18},
    issue = {1},
    pages = {186-208}
}

@article{Chaum1988,
    author = {David Chaum},
    title = {The Dining Cryptographers Problem: Unconditional Sender and Recipient Untraceability},
    journal = {Journal of Cryptology},
    year = {1988},
    volume = {1},
    issue = {1},
    pages = {65-75},
    issn = {09332790}
}

@article{Fairfield2021,
    author = {Joshua Fairfield},
    title = {Tokenized: The Law of Non-Fungible Tokens and Unique Digital Property},
    journal = {Indiana Law Journal},
    year = {2021},
    volume = {97},
    pages = {1261-1313}
}

@article{Chohan2021,
    author = {Usman W. Chohan},
    title = {Non-Fungible Tokens: Blockchains, Scarcity, and Value},
    journal = {SSRN Electronic Journal},
    year = {2021},
}

@online{Gharegozlou2019,
    author = {Roham Gharegozlou},
    title = {Introducing Flow, a new blockchain from the creators of CryptoKitties},
    url = {https://medium.com/dapperlabs/introducing-flow-a-new-blockchain-from-the-creators-of-cryptokitties-d291282732f5},
    urlyear = {2022-06-20}
}

@article{Valeonti2021,
    author = {Foteini Valeonti and Antonis Bikakis and Melissa Terras and Chris Speed and Andrew Hudson-Smith and Konstantinos Chalkias},
    title = {Crypto Collectibles, Museum Funding and OpenGLAM: Challenges, Opportunities and the Potential of Non-Fungible Tokens (NFTs)},
    journal = {Applied Sciences},
    year = {2021},
    volume = {11},
    issue = {21},
    pages = {1-19}
}

@online{etherum2022,
    author = {ethereum.org},
    title = {ERC-721 Non-Fungible Standard},
    url = {https://ethereum.org/en/developers/docs/standards/tokens/erc-721/},
    urlyear = {2022-06-21}
}

@online{Hentschel2019a,
    author = {Alexander Hentschel and Dieter Shirley and Layne Lafrance},
    title = {Flow: Separating Consensus and Compute},
    url = {http://arxiv.org/abs/1909.05821},
    institution = {Dapper Labs},
    urldate = {2022-06-22}
}

@online{Hentschel2019b,
    author = {Alexander Hentschel and Yahya Hassanzadeh-Nazarabadi and Ramtin Seraj and Dieter Shirley and Layne Lafrance},
    title = {Flow: Separating Consensus and Compute - Block Formation and Execution},
    url = {http://arxiv.org/abs/2002.07403},
    institution = {Dapper Labs},
    urldate = {2022-06-22}
}

@online{Hentschel2019c,
    author = {Alexander Hentschel and Maor Zamski and Dieter Shirley and Layne Lafrance},
    title = {Flow: Separating Consensus and Compute - Execution Verification},
    url = {http://arxiv.org/abs/1909.05832},
    institution = {Dapper Labs},
    urldate = {2022-06-23}
}

@online{bbc2017,
    author = {bbc.com},
    title = {CryptoKitties craze slows down transactions on Ethereum},
    url = {https://www.bbc.com/news/technology-42237162},
    urldate = {2022-06-22}
}

@online{usagov2022,
    author = {www.usa.gov},
    title = {Absentee and Early Voting - How, Where, and When to Vote},
    url = {https://www.usa.gov/absentee-voting},
    urldate = {2022-08-23}
}

@online{cointree2022,
    author = {cointree.com},
    title = {Top 9 Smart Contracts Platforms (Layer-1 blockchains)},
    url = {https://www.cointree.com/learn/smart-contract-platforms/},
    urldate = {2022-11-09}
}

@online{flow2020b,
    author = {Flow Development team},
    title = {Storing Data on Flow},
    url = {https://developers.flow.com/learn/concepts/storage},
    urldate = {2022-11-10}
}

@article{Menger2020,
    author = {Andrew Menger and Robert M. Stein},
    title = {Choosing the Less Convenient Way to Vote: An Anomaly in Vote by Mail Elections},
    journal = {Political Research Quartely},
    year = {2020},
    volume = {73},
    issue = {1},
    pages = {196-207},
    doi = {0.1177/1065912919890009}
}

@article{Alvi2022,
    title = {DVTChain: A Blockchain-based decentralized mechanism },
    author = {Syada Tasmia Alvi and Mohammed Nasir Uddin and Linta Islam and Sajib Ahamed},
    journal = {Journal of King Saud University - Computer and Information Sciences},
    year = {2022},
    volume = {34},
	issue = {9},
    pages = {6855-6871},
	doi = {10.1016/j.jksuci.2022.06.014},
	issn = {22131248}
	% DS099
}


@article{Chaieb2019,
    title = {DABSTERS: a Privacy Preserving e-Voting Protocol for Permissioned Blockchain},
    author = {Marwa Chaieb and Mirko Koscina and Souheib Yousfi and Pascal Lafourcade and Riadh Robbana},
    journal = {Leture Notes in Computer Science},
    year = {2019},
    volume = {11884 LNCS},
    pages = {292-312},
	doi = {10.1007/978-3-030-32505-3_17},
	isbn = {9783030325046},
	issn = {16113349}
	% DS123
}

@article{Dimitriou2020,
    title = {Efficient, Coercion-free and Universally Verifiable Blockchain-based Voting},
    author = {Tassos Dimitriou},
    journal = {Computer Networks},
    year = {2020},
    volume = {174},
	issue = {February},
	doi = {10.1016/j.comnet.2020.107234},
	issn = {13891286}
	% DS120
}

@inproceedings{Faour2019,
    author = {Nazim Faour},
    title = {Transparent E-Voting dApp Based on Waves Blockchain and RIDE Language},
    booktitle = {Proceedings of the XVI International Symposium on Problems of Redundancy in Information and Control Systems (Redundancy 2019)},
    date = {2019},
    pages = {219-223},
    doi = {10.1109/REDUNDANCY48165.2019.9003336},
    isbn = {9781728119441}
	% DS126
}

@inproceedings{Han2020,
    author = {Gang Han and Yannan Li and Yong Yu and Kim-Kwang Raymond Choo and Nadra Guizani},
    title = {Blockchain-Based Self-Tallying Voting System with Software Updates in Decentralized IoT},
    booktitle = {IEEE Network},
    date = {2020},
    volume = {34},
	issue = {4},
    pages = {166-172},
    doi = {10.1109/MNET.001.1900439},
	issn = {1558156X}
	% DS124
}

@article{Hassan2022,
    title = {A Liquid Democracy Enabled Blockchain-Based Electronic Voting System},
    author = {Ch Anwar ul Hassan and Muhammad Hammad and Jawaid Iqbal and Saddam Hussain and Syed Sajid Ullah and Hussain AlSalman and Mogeeb A. A. Moslch and Muhammad Arif},
    journal = {Scientific Programming},
    year = {2022},
    volume = {2022},
	doi = {10.1155/2022/1383007},
	issn = {10589244}
	% DS101
}

@inproceedings{Killer2020,
    author = {Christian Killer and Bruno Rodrigues and Eder John Scheid and Muriel Franco and Moritz Eck and Nik Zaugg and Alex Scheitlin and Burkhard Stiller},
    title = {Provotum: A Blockchain-based and End-to-end Verifiable Remote Electronic Voting System},
    booktitle = {Proceedings of the 2020 IEEE Conference on Local Computer Networks (LNC)},
    date = {2020},
    volume = {November},
    pages = {172-183},
    doi = {10.1109/LCN48667.2020.9314815},
    isbn = {9781728171586}
	% DS103
}

@article{Mani2022,
    title = {College Election System using Blockchain},
    author = {Aanchal Mani and Samarjeet Patil and Soham Sheth and Lakshmi Sudha Kondaka},
    journal = {ITM Web of Conference},
    year = {2022},
    volume = {44},
    pages = {1-5},
	doi = {10.1051/itmconf/20224403005},
	% DS097
}

@inproceedings{Sadia2020,
    author = {Kazia Sadia and Md. Masuduzzaman and Rajib Kumar Paul and Anik Islam},
    title = {Blockchain-Based Secure E-Voting with the Assistance of Smart Contract},
    booktitle = {IC-BCT},
    date = {2020},
	location = {Singapore},
    pages = {161-176},
    isbn = {9789811545429},
	% DS092
}

@inproceedings{Vidwans2022,
    author = {Shantanu Vidwans and Amogh Deshpande and Pratiksha Thakur and Aditya Verma and Sushila Palwe},
    title = {Permissioned Blockchain Voting System using Hyperledger Fabric},
    booktitle = {Proceedings of the 2022 International Conference on IoT and Blockchain Technology, ICIBT 2022},
    date = {2022},
    pages = {1-6},
    doi = {10.1109/ICIBT52874.2022.9807702},
    isbn = {9781665424165},
	% DS114
}

@inproceedings{Vivek2020,
    author = {E-Voting System using Hyperledger Sawtooth},
    title = {Vivek S. K. and Yashank R. S. and Yashas Prashanth and Yashas N.},
    booktitle = {Proceedings of the 2020 International Conference on Advances in Computing, Communication and Materials (ICACCM 2020)},
    date = {2020},
    pages = {29-35},
    doi = {10.1109/ICACCM50413.2020.9212945},
    isbn = {9781728197852},
	% DS128
}

@article{Yang2020,
	author = {Xuechao Yang and Xun Yi adn Surya Nepal and Andrei Kelarev and Rengling Han},
	title = {Blockchain voting: Publicly verifiable online voting protocol without trusted tallying authorities},
	journal = {Future Generation Computer Systems},
	year = {2020},
	pages = {859-874},
	volume = {112},
	doi = {},
	issn = {}
	% DS087
}

@inproceedings{Zaghloul2020,
    author = {Ehab Zaghloul and Tongtong Li and Jian Ren},
    title = {Anonymous and Coercion-Resistant Distributed Electronic Voting},
    booktitle = {Proceedings of the 2020 International Conference on Computing, Networking and Communications (ICNC): Communications and Information Security Symposium},
    date = {2020},
    pages = {389-393},
    doi = {10.1109/ICNC47757.2020.9049653},
    isbn = {9781728149059}
	% DS118
}

@article{Zhang2020,
    title = {Chaintegrity: blockchain-enabled large-scale e-voting system with robustness and universal verifiability},
    author = {Shufan Zhang and Lili Wang and Hu Xiong},
    journal = {International Journal of Information Security},
    year = {2020},
    volume = {19},
	issue = {3},
    pages = {323-341},
	doi = {10.1007/s10207-019-00465-8},
	isbn = {1020701900},
	issn = {16155270}
	% DS119
}

@article{Zhou2020,
    title = {An improved FOO voting scheme using blockchain},
    author = {Yuanjian Zhou and Yining Liu and Chengshun Jiang and Shulan Wang},
    journal = {International Journal of Information Security},
    year = {2020},
    volume = {19},
	issue = {3},
    pages = {303-310},
	doi = {10.1007/s10207-019-00457-8},
	isbn = {1020701900},
	issn = {16155270}
	% DS125
}

@article{Ali2023,
    author = {Omar Ali and Mujaba Momin and Anup Shrestha and Ronnie Das and Fadia Alhajj and Yogesh K. Dwivedi},
    title = {A Review of the Key Challenges of Non-Fungible Tokens},
    journal = {Technological Forecasting and Social Change},
    year = {2023},
    pages = {1-13},
    volume = {187},
    doi = {10.1016/j.techfore.2022.122248},
    issn = {00401625}
    % AP006
}

@article{Bao2022,
    author = {Hong Bao and David Roubaud},
    title = {Non-Fungible Tokens: A Systematic Review and Research Agenda},
    journal = {Journal of Risk and Financial Management},
    date = {2022-05-08},
    volume = {15},
    issue = {5},
    pages = {1-9},
    doi = {10.3390/jrfm15050215},
    issn = {1911-8074}
    % AP005
}

@article{Wang2021,
    author = {Qin Wang and Rujia Li and Qi Wang and Shiping Chen},
    title = {Non-Fungible Token (NFT): Overview, Evaluation, Opportunities and Challenges},
    journal = {arXiv},
    date = {2021-10-24},
    arxiv = {arXiv:2105.07447},
    url = {http://arxiv.org/abs/2105.07447},
    % AP004
}

@article{Bistarelli2022,
    author = {Stefano Bistarelli and Bruno Lazo La Torre Montalvo and Ivan Mercanti and Francesco Santini},
    title = {An E-Voting System Based on Tornado Cash},
    journal = {Lecture Notes in Computer Science},
    volume = {13782},
    pages = {120-135},
    date = {2022}
    % AP002
}

@inproceedings{Agbesi2019,
    author = {Samuel Agbesi and George Asante},
    title = {Electronic Voting Recording System Based on Blockchain Technology},
    booktitle = {Proceedings of the 12th CMI Conference on Cybersecurity and Privacy},
    date = {2019},
    location = {Copenhagen, Denmark},
    doi = {10.1109/CMI48017.2019.8962142},
    isbn = {978-1-72812-856-6}
    %AP001
}

@article{Sagar2023,
    author = {Aayush Sagar and Ayush Seth and Dr. Sudha Narang and Siddhant Jain},
    title = {SoulBound E-Voting System},
    journal = {International Journal for Research in Applied Science and Engineering Technology},
    volume = {11},
    issue = {3},
    pages = {1520-1525},
    date = {2023-03-31},
    doi = {10.22214/ijraset.2023.48548}
    % AP003
}

@article{Weyl2022,
    author = {Eric Glen Weyl and Puja Ohlhaver and Vitalik Buterin},
    title = {Decentralized Society: Fiding Web3's Soul},
    journal = {SSRN Electronic Journal},
    date = {2022},
    doi = {10.2139/ssrn.4105763},
    issn = {1556-5068}
    % AP007
}

@article{Baiardi2005,
    author = {Fabrizio Baiardi and Alessandro Falleni and Riccardo Granchi and Fabio Martinelli and Marinella Petrocchi and Anna Vaccarelli},
    title = {SEAS, a secure e-voting protocol: Design and implementation},
    journal = {Computers \& Security},
    volume = {24},
    issue = {8},
    pages = {642-652},
    doi = {10.1016/j.cose.2005.07.008},
    issn = {01674048}
    % CC134
}

@online{ERC721,
    author = {Ethereum Foundation},
    title = {ERC-721 Non-Fungible Token Standard},
    url = {https://ethereum.org/en/developers/docs/standards/tokens/erc-721/},
    urldate = {2023-11-29}
}

@online{ERC1155,
    author = {Ethereum Foundation},
    title = {ERC-1155 Multi-Token Standard},
    url = {https://ethereum.org/en/developers/docs/standards/tokens/erc-1155/},
    urldate = {2023-11-29}
}

@article{Trautman2022,
    author = {Lawrence J. Trautman},
    title = {Virtual Art and Non-Fungible Tokens},
    journal = {Hofstra Law Review},
    year = {2022},
    volume = {50},
    issue = {2},
    pages = {371-426}
}

@article{Bartoletti2017,
    author = {Massimo Bartoletti and Livio Pompianu},
    title = {An Analysis of Bitcoin OP\_RETURN Metadata},
    journal = {Lecture Notes in Computer Science},
    year = {2017},
    volume = {10323 LNCS},
    pages = {218-230},
    doi = {10.1007/978-3-319-70278-0_14},
    isbn = {9783319702773},
    issn = {16113349}
}

@online{Cadence2023,
    title = {The Cadence Programing Language},
    year = {2023},
    url = {https://cadence-lang.org/docs/language/},
    urldate = {2023-12-02}
}

@article{Loporchio2023,
    author = {Matteo Loporchio and Anna Bernasconi and Damiano Di Francesco Maesa and Laura Ricci},
    title = {A survey of set accumulators for blockchain systems},
    journal = {Computer Science Review},
    year = {2023},
    volume = {49},
    issue = {100570},
    pages = {1-17},
    doi = {10.1016/j.cosrev.2023.100570},
    issn = {15740137}
}

@article{Wang2021a,
    author = {Jin Wang and Wencheng Chen and Yongjun Ren and Osama Alfarraj and Lei Wang},
    title = {Blockchain Based Data Storage Mechanism in Cyber Physical System},
    journal = {Journal of Internet Technology},
    year = {2021},
    volume = {21},
    issue = {6},
    pages = {1681-1689},
    doi = {10.3966/160792642020112106010},
    issn = {20794029}
}

@article{Wang2022,
    author = {Linjie Wang and Youliang Tian and Suo Zhang},
    title = {Towards Cross-Domain Dynamic Accumulator Authentication Based on Blockchain in Internet of Things},
    journal = {IEEE Transactions on Industrial Informatics},
    year = {2022},
    volume = {18},
    issue = {4},
    pages = {2858-2867},
    doi = {10.1109/TII.2021.3116049},
    issn = {19410050}
}

@article{Chen2020,
    author = {Huan Chen and Yijie Wang},
    title = {MiniChain: A lightweight protocol to combat the UTXO growth in public blockchain},
    journal = {Journal of Parallel and Distributed Computing},
    year = {2020},
    volume = {143},
    pages = {67-76},
    doi = {10.1016/j.jpdc.2020.05.001},
    issn = {07437315}
}

@inproceedings{Benaloh1993,
    author = {Josh Benaloh and Michael de Mare},
    title = {One-Way Accumulators: A Decentralized Alternative to Digital Signatures},
    booktitle = {Advances in Cryptology - EUROCRYPT '93 Proceedings},
    year = {1993},
    pages = {274-285},
    publisher = {Springer-Verlag}
}

@article{Merkle1978,
    author = {Ralph C. Merkle},
    title = {Secure Communications Over Insecure Channels},
    journal = {Communications of the ACM},
    date = {1978},
    volume = {21},
    issue = {4},
    pages = {294-299},
    isbn = {9781000239157}
}

@article{Merkle1980,
    author = {Ralph C. Merkle},
    title = {Protocols for Public Key Cryptosystems},
    journal = {Secure Communications and Asymmetric Cryptosystems},
    year = {1980},
    pages = {122-134},
    isbn = {9781000239157}
}

@inproceedings{Merkle1989,
    author = {Ralph C. Merkle},
    title = {A Certified Digital Signature},
    booktitle = {Proceedings of the Conference on the Theory and Application of Cryptology},
    year = {1989},
    pages = {218-278},
    location = {New York, USA},
    publisher = {Springer New York}
}

@article{Ezzat2022,
    author = {Shahinaz Kamal Ezzat and Yasmine N. M. Saleh and Ayman A. Abdel-Hamid},
    title = {Blockchain Oracles: State-of-the-Art and Research Directions},
    journal = {IEEE Access},
    year = {2022},
    volume = {10},
    issue = {5},
    pages = {67551-67572},
    doi = {10.1109/ACCESS.2022.3184726}
}

@online{Lamtzidis2023,
    author = {Odysseas Lamtzidis},
    title = {The State of Private Voting in Ethereum},
    year = {2023},
    urldate = {2024-01-05},
    url = {https://odyslam.com/blog/state-of-private-voting/}
}

@online{flow2024,
    author = {Dapper Labs},
    title = {Cadence documentation},
    urldate = {2024-01-06},
    url = {https://cadence-lang.org/docs/}
}

@online{flow2024a,
    author = {Dapper Labs},
    title = {Cadence documentation - Account Storage},
    urldate = {2024-01-06},
    url = {https://cadence-lang.org/docs/language/accounts#account-storage}
}

@online{flow2024b,
    author = {Dapper Labs},
    title = {Flow developers documentation - Accounts},
    urldate = {2024-01-08},
    url = {https://developers.flow.com/build/basics/accounts}
}

@online{flow2024c,
    author = {Dapper Labs},
    title = {Flow developers documentation - Difference vs. Other blockchains},
    urldate = {2024-01-08},
    url = {https://developers.flow.com/build/building-vs-other-chains#the-flow-account-model}
}

@online{flow2024d,
    author = {Dapper Labs},
    title = {Flow developers - Fees},
    urldate = {2024-01-08},
    url = {https://developers.flow.com/build/basics/fees}
}

@online{flow2024e,
    author = {Janez Podhostnik},
    title = {Flow Forum - Storage Limit and Account Minimal Balance},
    urldate = {2024-01-08},
    url = {https://forum.flow.com/t/storage-limit-and-account-minimum-balance/799}
}

@article{Almeida2023,
    author = {Ricardo Lopes Almeida and Fabrizio Baiardi and Damiano Di Francesco Maesa and Laura Ricci},
    title = {Impact of Decentralization on Electronic Voting Systems: A Systemic Literature Survey},
    journal = {IEEE Access},
    year = {2023},
    volume = {11},
    issue = {November},
    pages = {132389-132423},
    doi = {10.1109/ACCESS.2023.3336593},
    issn = {21693536}
}

@online{MACI2024,
    author = {Vitalik Buterin},
    title = {Minimal anti-collusion infrastructure},
    urldate = {2024-01-05},
    url = {https://ethresear.ch/t/minimal-anti-collusion-infrastructure/5413}
}

@online{Semaphore2024,
    author = {pse.dev},
    title = {What is Semaphore},
    urldate = {2024-01-05},
    url = {https://docs.semaphore.pse.dev/}
}

@online{OpenSea2024,
    author = {opensea.io},
    title = {OpenSea NFT Marketplace},
    urldate = {2024-02-18},
    url = {https://opensea.io/}
}

@inproceedings{Risnanto2021,
    author = {Slamet Risnanto and Yahaya Abd Rahim and Othman Mohd and Kusmadi and Asep Effendi R. and Rangga Satria Perdana},
    title = {E-Voting: Security, Threats and Prevention},
    booktitle = {Proceedings of the 15th International Conference on Telecommunication Systems, Services, and Applications (TSSA)},
    year = {2021},
    pages = {1-8},
    isbn = {978-1-66542-892-7},
    doi = {10.1109/TSSA52866.2021.9768214}
}

@inproceedings{Faveri2017,
    author = {Cristiano De Faveri and Ana Moreira and Jo\~{a}o Ara\'{u}jo and Vasco Amaral},
    title = {Towards security modeling of e-voting systems},
    booktitle = {Proceedings of the 24th International Requirements Engineering Conference Workshops (REW)},
    year = {2016},
    pages = {145-154},
    isbn = {9781509036943},
    doi = {10.1109/rew.2016.037}
}

@thesis{Zissi2011,
	author = {Dimitrios Zissis},
	title = {Methodologies and Technologies for Designing Secure Electronic Voting Information Systems},
	type = {PhD Thesis},
	institution = {Department of Product and Systems Design Engineering, Univerity of the Aegean},
	year = {2011},
	location = {Lesbos, Greece}
}